%YAML 1.1
%TAG !u! tag:unity3d.com,2011:
--- !u!1 &103210
GameObject:
  m_ObjectHideFlags: 0
  m_PrefabParentObject: {fileID: 0}
  m_PrefabInternal: {fileID: 100100000}
  serializedVersion: 4
  m_Component:
  - 4: {fileID: 495326}
  - 33: {fileID: 3337474}
  - 65: {fileID: 6567392}
  - 23: {fileID: 2392716}
  - 195: {fileID: 19508460}
  - 114: {fileID: 11403384}
  - 114: {fileID: 11490146}
  - 114: {fileID: 11427388}
  - 114: {fileID: 11451236}
  - 114: {fileID: 11463202}
  - 114: {fileID: 11474526}
  - 114: {fileID: 11464534}
  - 135: {fileID: 13505094}
  - 114: {fileID: 11467482}
  m_Layer: 0
  m_Name: Boss
  m_TagString: Enemy
  m_Icon: {fileID: 0}
  m_NavMeshLayer: 0
  m_StaticEditorFlags: 0
  m_IsActive: 1
--- !u!1 &173644
GameObject:
  m_ObjectHideFlags: 0
  m_PrefabParentObject: {fileID: 0}
  m_PrefabInternal: {fileID: 100100000}
  serializedVersion: 4
  m_Component:
  - 4: {fileID: 437164}
  - 135: {fileID: 13579264}
  - 114: {fileID: 11467654}
  m_Layer: 8
  m_Name: InRangeCheck
  m_TagString: Untagged
  m_Icon: {fileID: 0}
  m_NavMeshLayer: 0
  m_StaticEditorFlags: 0
  m_IsActive: 1
--- !u!4 &437164
Transform:
  m_ObjectHideFlags: 1
  m_PrefabParentObject: {fileID: 0}
  m_PrefabInternal: {fileID: 100100000}
  m_GameObject: {fileID: 173644}
  m_LocalRotation: {x: 0, y: 0, z: 0, w: 1}
  m_LocalPosition: {x: 0, y: 0, z: 0}
  m_LocalScale: {x: .5, y: .5, z: .5}
  m_Children: []
  m_Father: {fileID: 495326}
  m_RootOrder: 0
--- !u!4 &495326
Transform:
  m_ObjectHideFlags: 1
  m_PrefabParentObject: {fileID: 0}
  m_PrefabInternal: {fileID: 100100000}
  m_GameObject: {fileID: 103210}
  m_LocalRotation: {x: 0, y: 0, z: 0, w: 1}
  m_LocalPosition: {x: -50.4331856, y: 23.9400005, z: 129.070007}
  m_LocalScale: {x: 3, y: 3, z: 3}
  m_Children:
  - {fileID: 437164}
  m_Father: {fileID: 0}
  m_RootOrder: 0
--- !u!23 &2392716
MeshRenderer:
  m_ObjectHideFlags: 1
  m_PrefabParentObject: {fileID: 0}
  m_PrefabInternal: {fileID: 100100000}
  m_GameObject: {fileID: 103210}
  m_Enabled: 1
  m_CastShadows: 1
  m_ReceiveShadows: 1
  m_Materials:
  - {fileID: 2100000, guid: 9a13306a0f4e7bd43b46d28e87544581, type: 2}
  m_SubsetIndices: 
  m_StaticBatchRoot: {fileID: 0}
  m_UseLightProbes: 1
  m_ReflectionProbeUsage: 1
  m_ProbeAnchor: {fileID: 0}
  m_ScaleInLightmap: 1
  m_PreserveUVs: 1
  m_ImportantGI: 0
  m_AutoUVMaxDistance: .5
  m_AutoUVMaxAngle: 89
  m_LightmapParameters: {fileID: 0}
  m_SortingLayerID: 0
  m_SortingOrder: 0
--- !u!33 &3337474
MeshFilter:
  m_ObjectHideFlags: 1
  m_PrefabParentObject: {fileID: 0}
  m_PrefabInternal: {fileID: 100100000}
  m_GameObject: {fileID: 103210}
  m_Mesh: {fileID: 10202, guid: 0000000000000000e000000000000000, type: 0}
--- !u!65 &6567392
BoxCollider:
  m_ObjectHideFlags: 1
  m_PrefabParentObject: {fileID: 0}
  m_PrefabInternal: {fileID: 100100000}
  m_GameObject: {fileID: 103210}
  m_Material: {fileID: 0}
  m_IsTrigger: 0
  m_Enabled: 1
  serializedVersion: 2
  m_Size: {x: 1, y: 1, z: 1}
  m_Center: {x: 0, y: 0, z: 0}
--- !u!114 &11403384
MonoBehaviour:
  m_ObjectHideFlags: 1
  m_PrefabParentObject: {fileID: 0}
  m_PrefabInternal: {fileID: 100100000}
  m_GameObject: {fileID: 103210}
  m_Enabled: 1
  m_EditorHideFlags: 0
  m_Script: {fileID: 11500000, guid: d463dea8e96d14e4b862e1536f321302, type: 3}
  m_Name: 
  m_EditorClassIdentifier: 
  targets:
  - {fileID: 0}
  - {fileID: 0}
  selectedTarget: {fileID: 0}
  enemyMovement: {fileID: 0}
  go: []
  playerPosition: {x: 0, y: 0, z: 0}
--- !u!114 &11427388
MonoBehaviour:
  m_ObjectHideFlags: 1
  m_PrefabParentObject: {fileID: 0}
  m_PrefabInternal: {fileID: 100100000}
  m_GameObject: {fileID: 103210}
  m_Enabled: 1
  m_EditorHideFlags: 0
  m_Script: {fileID: 11500000, guid: 1ebe5ca6563c40348988e2570acca268, type: 3}
  m_Name: 
  m_EditorClassIdentifier: 
--- !u!114 &11451236
MonoBehaviour:
  m_ObjectHideFlags: 1
  m_PrefabParentObject: {fileID: 0}
  m_PrefabInternal: {fileID: 100100000}
  m_GameObject: {fileID: 103210}
  m_Enabled: 1
  m_EditorHideFlags: 0
  m_Script: {fileID: -1768714887, guid: 870353891bb340e2b2a9c8707e7419ba, type: 3}
  m_Name: 
  m_EditorClassIdentifier: 
  m_TransformSyncMode: 1
  m_SendInterval: 0
  m_SyncRotationAxis: 2
  m_RotationSyncCompression: 0
  m_SyncSpin: 0
  m_MovementTheshold: .00100000005
  m_SnapThreshold: 5
  m_InterpolateRotation: 1
  m_InterpolateMovement: 1
--- !u!114 &11463202
MonoBehaviour:
  m_ObjectHideFlags: 1
  m_PrefabParentObject: {fileID: 0}
  m_PrefabInternal: {fileID: 100100000}
  m_GameObject: {fileID: 103210}
  m_Enabled: 1
  m_EditorHideFlags: 0
  m_Script: {fileID: 11500000, guid: ce9b85607768ef84fbfb3541c091c842, type: 3}
  m_Name: 
  m_EditorClassIdentifier: 
  enemyID: 
--- !u!114 &11464534
MonoBehaviour:
  m_ObjectHideFlags: 1
  m_PrefabParentObject: {fileID: 0}
  m_PrefabInternal: {fileID: 100100000}
  m_GameObject: {fileID: 103210}
  m_Enabled: 1
  m_EditorHideFlags: 0
  m_Script: {fileID: 11500000, guid: 0b2a74489c4e1a94a90d939dc9942c0a, type: 3}
  m_Name: 
  m_EditorClassIdentifier: 
  enemySpawnScript: {fileID: 0}
  crowdApproval: {fileID: 0}
  enemyHealth: 100
  hitValue: 25
  killValue: 100
  isDead: 0
--- !u!114 &11467482
MonoBehaviour:
  m_ObjectHideFlags: 1
  m_PrefabParentObject: {fileID: 0}
  m_PrefabInternal: {fileID: 100100000}
  m_GameObject: {fileID: 103210}
  m_Enabled: 1
  m_EditorHideFlags: 0
  m_Script: {fileID: 11500000, guid: 121c00b95c5273e44a7f84016797b701, type: 3}
  m_Name: 
  m_EditorClassIdentifier: 
  waypoints:
  - {fileID: 414456, guid: 1085053115fa19c4d9b2325d7cee6b47, type: 2}
  - {fileID: 406548, guid: b465c7b9813860248b9ab97575139c23, type: 2}
  - {fileID: 417436, guid: a176a217bc8f92d40b90ce12ad6b5a8e, type: 2}
  - {fileID: 439390, guid: f8056ba24160ddb43a5d61c369cf4de1, type: 2}
  - {fileID: 418782, guid: 1416831272eec8546b6fb1fca828036b, type: 2}
  - {fileID: 485976, guid: 022d88f93bfd0084787cb03b52b0f724, type: 2}
  - {fileID: 436064, guid: ad62cafd74b06c142bb7424a3cce35c1, type: 2}
  - {fileID: 440590, guid: b69ac0ce574e69547b85b744334cc76c, type: 2}
  - {fileID: 476920, guid: 21597eca7f39fd64c997c11418aa375d, type: 2}
  - {fileID: 459938, guid: 40108bd23fc6a0846836480a844df270, type: 2}
  - {fileID: 473948, guid: 558cb07336d7677428bcedff6234ee95, type: 2}
  - {fileID: 429708, guid: ef8ace3741fea324596149920fdf7983, type: 2}
  - {fileID: 407646, guid: b23d4595c6707724c95be7dcadc0381c, type: 2}
  - {fileID: 423254, guid: 48464c6e5d243ec48bc201cdaadda67a, type: 2}
  minWaypointDistance: .100000001
  canSeePlayer: 0
--- !u!114 &11467654
MonoBehaviour:
  m_ObjectHideFlags: 1
  m_PrefabParentObject: {fileID: 0}
  m_PrefabInternal: {fileID: 100100000}
  m_GameObject: {fileID: 173644}
  m_Enabled: 1
  m_EditorHideFlags: 0
  m_Script: {fileID: 11500000, guid: c0a239a4e7a6a6b4a809df00e2e3766a, type: 3}
  m_Name: 
  m_EditorClassIdentifier: 
--- !u!114 &11474526
MonoBehaviour:
  m_ObjectHideFlags: 1
  m_PrefabParentObject: {fileID: 0}
  m_PrefabInternal: {fileID: 100100000}
  m_GameObject: {fileID: 103210}
  m_Enabled: 1
  m_EditorHideFlags: 0
  m_Script: {fileID: 11500000, guid: a5cb8be9c2f6d184ab66fe8fd6b58fd9, type: 3}
  m_Name: 
  m_EditorClassIdentifier: 
  timeBetweenAttacks: .5
  attackDamage: 10
--- !u!114 &11490146
MonoBehaviour:
  m_ObjectHideFlags: 1
  m_PrefabParentObject: {fileID: 0}
  m_PrefabInternal: {fileID: 100100000}
  m_GameObject: {fileID: 103210}
  m_Enabled: 1
  m_EditorHideFlags: 0
  m_Script: {fileID: 372142912, guid: 870353891bb340e2b2a9c8707e7419ba, type: 3}
  m_Name: 
  m_EditorClassIdentifier: 
  m_SceneId:
    m_Value: 0
  m_AssetId:
    i0: 51
    i1: 86
    i2: 37
    i3: 248
    i4: 198
    i5: 252
    i6: 83
    i7: 52
    i8: 217
    i9: 214
    i10: 202
    i11: 150
    i12: 49
    i13: 49
    i14: 254
    i15: 146
  m_ServerOnly: 0
  m_LocalPlayerAuthority: 0
--- !u!135 &13505094
SphereCollider:
  m_ObjectHideFlags: 1
  m_PrefabParentObject: {fileID: 0}
  m_PrefabInternal: {fileID: 100100000}
  m_GameObject: {fileID: 103210}
  m_Material: {fileID: 0}
  m_IsTrigger: 1
  m_Enabled: 1
  serializedVersion: 2
  m_Radius: .800000012
  m_Center: {x: 0, y: 0, z: 0}
--- !u!135 &13579264
SphereCollider:
  m_ObjectHideFlags: 1
  m_PrefabParentObject: {fileID: 0}
  m_PrefabInternal: {fileID: 100100000}
  m_GameObject: {fileID: 173644}
  m_Material: {fileID: 0}
  m_IsTrigger: 1
  m_Enabled: 1
  serializedVersion: 2
  m_Radius: 20
  m_Center: {x: 0, y: 0, z: 0}
--- !u!195 &19508460
NavMeshAgent:
  m_ObjectHideFlags: 1
  m_PrefabParentObject: {fileID: 0}
  m_PrefabInternal: {fileID: 100100000}
  m_GameObject: {fileID: 103210}
  m_Enabled: 1
  m_Radius: .5
  m_Speed: 8
  m_Acceleration: 4
  avoidancePriority: 50
  m_AngularSpeed: 100
  m_StoppingDistance: 2.5
  m_AutoTraverseOffMeshLink: 1
  m_AutoBraking: 1
  m_AutoRepath: 1
  m_Height: 1
  m_BaseOffset: .5
  m_WalkableMask: 4294967295
  m_ObstacleAvoidanceType: 4
--- !u!1001 &100100000
Prefab:
  m_ObjectHideFlags: 1
  serializedVersion: 2
  m_Modification:
    m_TransformParent: {fileID: 0}
    m_Modifications:
    - target: {fileID: 0}
      propertyPath: m_IsTrigger
      value: 1
      objectReference: {fileID: 0}
    - target: {fileID: 0}
      propertyPath: m_SendInterval
      value: 0
      objectReference: {fileID: 0}
    - target: {fileID: 0}
      propertyPath: m_Speed
      value: 8
      objectReference: {fileID: 0}
    - target: {fileID: 0}
      propertyPath: minSeeingDistance
      value: 70
      objectReference: {fileID: 0}
    - target: {fileID: 0}
      propertyPath: m_Layer
      value: 8
      objectReference: {fileID: 0}
    - target: {fileID: 0}
      propertyPath: m_LocalPosition.x
      value: 0
      objectReference: {fileID: 0}
    - target: {fileID: 0}
      propertyPath: m_LocalPosition.y
      value: 0
      objectReference: {fileID: 0}
    - target: {fileID: 0}
      propertyPath: m_LocalPosition.z
      value: 0
      objectReference: {fileID: 0}
    - target: {fileID: 0}
      propertyPath: waypoints.Array.data[1]
      value: 
      objectReference: {fileID: 406548, guid: b465c7b9813860248b9ab97575139c23, type: 2}
    m_RemovedComponents: []
  m_ParentPrefab: {fileID: 0}
  m_RootGameObject: {fileID: 103210}
  m_IsPrefabParent: 1
