%YAML 1.1
%TAG !u! tag:unity3d.com,2011:
--- !u!1 &101912
GameObject:
  m_ObjectHideFlags: 0
  m_PrefabParentObject: {fileID: 0}
  m_PrefabInternal: {fileID: 100100000}
  serializedVersion: 4
  m_Component:
  - 4: {fileID: 495642}
  - 82: {fileID: 8259990}
  - 114: {fileID: 11400834}
  - 114: {fileID: 11438592}
  - 114: {fileID: 11447154}
  - 114: {fileID: 11452986}
  - 143: {fileID: 14327974}
  - 114: {fileID: 11417154}
  - 54: {fileID: 5422482}
  - 114: {fileID: 11470032}
  - 114: {fileID: 11474698}
  - 114: {fileID: 11486470}
  - 114: {fileID: 11448734}
  - 136: {fileID: 13651806}
  - 114: {fileID: 11451244}
  - 114: {fileID: 11447046}
  - 114: {fileID: 11409652}
  - 114: {fileID: 11473914}
  m_Layer: 9
  m_Name: Player
  m_TagString: Player
  m_Icon: {fileID: 0}
  m_NavMeshLayer: 0
  m_StaticEditorFlags: 0
  m_IsActive: 1
--- !u!1 &102162
GameObject:
  m_ObjectHideFlags: 1
  m_PrefabParentObject: {fileID: 0}
  m_PrefabInternal: {fileID: 100100000}
  serializedVersion: 4
  m_Component:
  - 4: {fileID: 407302}
  m_Layer: 0
  m_Name: Gun_end
  m_TagString: Untagged
  m_Icon: {fileID: 0}
  m_NavMeshLayer: 0
  m_StaticEditorFlags: 0
  m_IsActive: 1
--- !u!1 &105610
GameObject:
  m_ObjectHideFlags: 1
  m_PrefabParentObject: {fileID: 0}
  m_PrefabInternal: {fileID: 100100000}
  serializedVersion: 4
  m_Component:
  - 4: {fileID: 484910}
  m_Layer: 0
  m_Name: Trigger_end
  m_TagString: Untagged
  m_Icon: {fileID: 0}
  m_NavMeshLayer: 0
  m_StaticEditorFlags: 0
  m_IsActive: 1
--- !u!1 &107528
GameObject:
  m_ObjectHideFlags: 1
  m_PrefabParentObject: {fileID: 0}
  m_PrefabInternal: {fileID: 100100000}
  serializedVersion: 4
  m_Component:
  - 4: {fileID: 487398}
  m_Layer: 0
  m_Name: EjectionPort
  m_TagString: Untagged
  m_Icon: {fileID: 0}
  m_NavMeshLayer: 0
  m_StaticEditorFlags: 0
  m_IsActive: 1
--- !u!1 &112820
GameObject:
  m_ObjectHideFlags: 1
  m_PrefabParentObject: {fileID: 0}
  m_PrefabInternal: {fileID: 100100000}
  serializedVersion: 4
  m_Component:
  - 4: {fileID: 471006}
  - 212: {fileID: 21297386}
  m_Layer: 10
  m_Name: PlayerMarker
  m_TagString: Untagged
  m_Icon: {fileID: 0}
  m_NavMeshLayer: 0
  m_StaticEditorFlags: 0
  m_IsActive: 1
--- !u!1 &130314
GameObject:
  m_ObjectHideFlags: 1
  m_PrefabParentObject: {fileID: 0}
  m_PrefabInternal: {fileID: 100100000}
  serializedVersion: 4
  m_Component:
  - 4: {fileID: 423846}
  m_Layer: 0
  m_Name: Gun
  m_TagString: Untagged
  m_Icon: {fileID: 0}
  m_NavMeshLayer: 0
  m_StaticEditorFlags: 0
  m_IsActive: 1
--- !u!1 &135154
GameObject:
  m_ObjectHideFlags: 1
  m_PrefabParentObject: {fileID: 0}
  m_PrefabInternal: {fileID: 100100000}
  serializedVersion: 4
  m_Component:
  - 4: {fileID: 452338}
  m_Layer: 0
  m_Name: EjectionPort_end
  m_TagString: Untagged
  m_Icon: {fileID: 0}
  m_NavMeshLayer: 0
  m_StaticEditorFlags: 0
  m_IsActive: 1
--- !u!1 &142944
GameObject:
  m_ObjectHideFlags: 1
  m_PrefabParentObject: {fileID: 0}
  m_PrefabInternal: {fileID: 100100000}
  serializedVersion: 4
  m_Component:
  - 4: {fileID: 415248}
  - 20: {fileID: 2033790}
  - 81: {fileID: 8149216}
  m_Layer: 9
  m_Name: FirstPersonCharacter
  m_TagString: MainCamera
  m_Icon: {fileID: 0}
  m_NavMeshLayer: 0
  m_StaticEditorFlags: 0
  m_IsActive: 1
--- !u!1 &153100
GameObject:
  m_ObjectHideFlags: 1
  m_PrefabParentObject: {fileID: 0}
  m_PrefabInternal: {fileID: 100100000}
  serializedVersion: 4
  m_Component:
  - 4: {fileID: 429800}
  m_Layer: 9
  m_Name: BulletSpawn
  m_TagString: Untagged
  m_Icon: {fileID: 0}
  m_NavMeshLayer: 0
  m_StaticEditorFlags: 0
  m_IsActive: 1
--- !u!1 &155884
GameObject:
  m_ObjectHideFlags: 1
  m_PrefabParentObject: {fileID: 0}
  m_PrefabInternal: {fileID: 100100000}
  serializedVersion: 4
  m_Component:
  - 4: {fileID: 450540}
  - 137: {fileID: 13754646}
  m_Layer: 0
  m_Name: AK12Mesh
  m_TagString: Untagged
  m_Icon: {fileID: 0}
  m_NavMeshLayer: 0
  m_StaticEditorFlags: 0
  m_IsActive: 1
--- !u!1 &157352
GameObject:
  m_ObjectHideFlags: 1
  m_PrefabParentObject: {fileID: 0}
  m_PrefabInternal: {fileID: 100100000}
  serializedVersion: 4
  m_Component:
  - 4: {fileID: 417332}
  m_Layer: 0
  m_Name: AK12
  m_TagString: Untagged
  m_Icon: {fileID: 0}
  m_NavMeshLayer: 0
  m_StaticEditorFlags: 0
  m_IsActive: 1
--- !u!1 &169662
GameObject:
  m_ObjectHideFlags: 1
  m_PrefabParentObject: {fileID: 0}
  m_PrefabInternal: {fileID: 100100000}
  serializedVersion: 4
  m_Component:
  - 4: {fileID: 420506}
  m_Layer: 0
  m_Name: Magazine
  m_TagString: Untagged
  m_Icon: {fileID: 0}
  m_NavMeshLayer: 0
  m_StaticEditorFlags: 0
  m_IsActive: 1
--- !u!1 &172138
GameObject:
  m_ObjectHideFlags: 1
  m_PrefabParentObject: {fileID: 0}
  m_PrefabInternal: {fileID: 100100000}
  serializedVersion: 4
  m_Component:
  - 4: {fileID: 414762}
  m_Layer: 9
  m_Name: Grenade
  m_TagString: Untagged
  m_Icon: {fileID: 0}
  m_NavMeshLayer: 0
  m_StaticEditorFlags: 0
  m_IsActive: 1
--- !u!1 &172620
GameObject:
  m_ObjectHideFlags: 1
  m_PrefabParentObject: {fileID: 0}
  m_PrefabInternal: {fileID: 100100000}
  serializedVersion: 4
  m_Component:
  - 4: {fileID: 456478}
  - 33: {fileID: 3316224}
  - 23: {fileID: 2337194}
  m_Layer: 0
  m_Name: MRARIronsights
  m_TagString: Untagged
  m_Icon: {fileID: 0}
  m_NavMeshLayer: 0
  m_StaticEditorFlags: 0
  m_IsActive: 1
--- !u!1 &175796
GameObject:
  m_ObjectHideFlags: 0
  m_PrefabParentObject: {fileID: 0}
  m_PrefabInternal: {fileID: 100100000}
  serializedVersion: 4
  m_Component:
  - 4: {fileID: 475534}
  m_Layer: 9
  m_Name: CameraGunObject
  m_TagString: Untagged
  m_Icon: {fileID: 0}
  m_NavMeshLayer: 0
  m_StaticEditorFlags: 0
  m_IsActive: 1
--- !u!1 &184444
GameObject:
  m_ObjectHideFlags: 1
  m_PrefabParentObject: {fileID: 0}
  m_PrefabInternal: {fileID: 100100000}
  serializedVersion: 4
  m_Component:
  - 4: {fileID: 421786}
  - 95: {fileID: 9550692}
  - 114: {fileID: 11487066}
  m_Layer: 0
  m_Name: Modern Russian AR
  m_TagString: Untagged
  m_Icon: {fileID: 0}
  m_NavMeshLayer: 0
  m_StaticEditorFlags: 0
  m_IsActive: 1
--- !u!1 &186554
GameObject:
  m_ObjectHideFlags: 0
  m_PrefabParentObject: {fileID: 0}
  m_PrefabInternal: {fileID: 100100000}
  serializedVersion: 4
  m_Component:
  - 4: {fileID: 423784}
  - 33: {fileID: 3362774}
  - 23: {fileID: 2316652}
  - 136: {fileID: 13676978}
  m_Layer: 9
  m_Name: Capsule
  m_TagString: Untagged
  m_Icon: {fileID: 0}
  m_NavMeshLayer: 0
  m_StaticEditorFlags: 0
  m_IsActive: 1
--- !u!1 &191228
GameObject:
  m_ObjectHideFlags: 1
  m_PrefabParentObject: {fileID: 0}
  m_PrefabInternal: {fileID: 100100000}
  serializedVersion: 4
  m_Component:
  - 4: {fileID: 489708}
  m_Layer: 0
  m_Name: Magazine_end
  m_TagString: Untagged
  m_Icon: {fileID: 0}
  m_NavMeshLayer: 0
  m_StaticEditorFlags: 0
  m_IsActive: 1
--- !u!1 &194930
GameObject:
  m_ObjectHideFlags: 0
  m_PrefabParentObject: {fileID: 0}
  m_PrefabInternal: {fileID: 100100000}
  serializedVersion: 4
  m_Component:
  - 4: {fileID: 474108}
  - 20: {fileID: 2033434}
  - 124: {fileID: 12406912}
  - 92: {fileID: 9259176}
  m_Layer: 9
  m_Name: Minimap Camera
  m_TagString: Untagged
  m_Icon: {fileID: 0}
  m_NavMeshLayer: 0
  m_StaticEditorFlags: 0
  m_IsActive: 1
--- !u!1 &197428
GameObject:
  m_ObjectHideFlags: 1
  m_PrefabParentObject: {fileID: 0}
  m_PrefabInternal: {fileID: 100100000}
  serializedVersion: 4
  m_Component:
  - 4: {fileID: 482544}
  m_Layer: 0
  m_Name: Trigger
  m_TagString: Untagged
  m_Icon: {fileID: 0}
  m_NavMeshLayer: 0
  m_StaticEditorFlags: 0
  m_IsActive: 1
--- !u!4 &407302
Transform:
  m_ObjectHideFlags: 1
  m_PrefabParentObject: {fileID: 0}
  m_PrefabInternal: {fileID: 100100000}
  m_GameObject: {fileID: 102162}
  m_LocalRotation: {x: 0, y: 0, z: 0, w: 1}
  m_LocalPosition: {x: -0, y: 1, z: 0}
  m_LocalScale: {x: 1, y: 1, z: 1}
  m_Children: []
  m_Father: {fileID: 423846}
  m_RootOrder: 0
--- !u!4 &414762
Transform:
  m_ObjectHideFlags: 1
  m_PrefabParentObject: {fileID: 0}
  m_PrefabInternal: {fileID: 100100000}
  m_GameObject: {fileID: 172138}
  m_LocalRotation: {x: 0, y: .707106829, z: 0, w: .707106709}
  m_LocalPosition: {x: 1.25300002, y: -.435000002, z: -0}
  m_LocalScale: {x: 1, y: 1, z: 1}
  m_Children: []
  m_Father: {fileID: 421786}
  m_RootOrder: 3
--- !u!4 &415248
Transform:
  m_ObjectHideFlags: 1
  m_PrefabParentObject: {fileID: 0}
  m_PrefabInternal: {fileID: 100100000}
  m_GameObject: {fileID: 142944}
  m_LocalRotation: {x: 0, y: 0, z: 0, w: 1}
  m_LocalPosition: {x: -.178999901, y: .799999952, z: -.00699996948}
  m_LocalScale: {x: 1, y: 1, z: 1}
  m_Children:
  - {fileID: 421786}
  m_Father: {fileID: 475534}
  m_RootOrder: 0
--- !u!4 &417332
Transform:
  m_ObjectHideFlags: 1
  m_PrefabParentObject: {fileID: 0}
  m_PrefabInternal: {fileID: 100100000}
  m_GameObject: {fileID: 157352}
  m_LocalRotation: {x: -4.3297803e-17, y: .707106769, z: .707106888, w: -4.32978096e-17}
  m_LocalPosition: {x: 0, y: 0, z: 0}
  m_LocalScale: {x: 1, y: 1, z: 1}
  m_Children:
  - {fileID: 487398}
  - {fileID: 423846}
  - {fileID: 420506}
  - {fileID: 482544}
  m_Father: {fileID: 421786}
  m_RootOrder: 0
--- !u!4 &420506
Transform:
  m_ObjectHideFlags: 1
  m_PrefabParentObject: {fileID: 0}
  m_PrefabInternal: {fileID: 100100000}
  m_GameObject: {fileID: 169662}
  m_LocalRotation: {x: .5, y: .49999997, z: .5, w: .50000006}
  m_LocalPosition: {x: .791669011, y: 0, z: -.619777679}
  m_LocalScale: {x: 1, y: 1, z: 1}
  m_Children:
  - {fileID: 489708}
  m_Father: {fileID: 417332}
  m_RootOrder: 2
--- !u!4 &421786
Transform:
  m_ObjectHideFlags: 1
  m_PrefabParentObject: {fileID: 0}
  m_PrefabInternal: {fileID: 100100000}
  m_GameObject: {fileID: 184444}
  m_LocalRotation: {x: 0, y: .70710659, z: 0, w: -.707106948}
  m_LocalPosition: {x: .495026708, y: -.441250622, z: 1.20234299}
  m_LocalScale: {x: .150574461, y: .150574446, z: .150574446}
  m_Children:
  - {fileID: 417332}
  - {fileID: 450540}
  - {fileID: 429800}
  - {fileID: 414762}
  m_Father: {fileID: 415248}
  m_RootOrder: 0
--- !u!4 &423784
Transform:
  m_ObjectHideFlags: 1
  m_PrefabParentObject: {fileID: 0}
  m_PrefabInternal: {fileID: 100100000}
  m_GameObject: {fileID: 186554}
  m_LocalRotation: {x: 0, y: 0, z: 0, w: 1}
  m_LocalPosition: {x: 0, y: 0, z: 0}
  m_LocalScale: {x: 1, y: 1, z: 1}
  m_Children: []
  m_Father: {fileID: 495642}
  m_RootOrder: 0
--- !u!4 &423846
Transform:
  m_ObjectHideFlags: 1
  m_PrefabParentObject: {fileID: 0}
  m_PrefabInternal: {fileID: 100100000}
  m_GameObject: {fileID: 130314}
  m_LocalRotation: {x: 0, y: 0, z: .707106888, w: .707106769}
  m_LocalPosition: {x: 2.1129725, y: 0, z: .198267967}
  m_LocalScale: {x: 1, y: 1, z: 1}
  m_Children:
  - {fileID: 407302}
  m_Father: {fileID: 417332}
  m_RootOrder: 1
--- !u!4 &429800
Transform:
  m_ObjectHideFlags: 1
  m_PrefabParentObject: {fileID: 0}
  m_PrefabInternal: {fileID: 100100000}
  m_GameObject: {fileID: 153100}
  m_LocalRotation: {x: 0, y: -.70710659, z: 0, w: -.707106948}
  m_LocalPosition: {x: 4.05999994, y: .150000006, z: -.00999999978}
  m_LocalScale: {x: 6.6412344, y: 6.64123297, z: 6.64123392}
  m_Children: []
  m_Father: {fileID: 421786}
  m_RootOrder: 2
--- !u!4 &450540
Transform:
  m_ObjectHideFlags: 1
  m_PrefabParentObject: {fileID: 0}
  m_PrefabInternal: {fileID: 100100000}
  m_GameObject: {fileID: 155884}
  m_LocalRotation: {x: -4.3297803e-17, y: .707106769, z: .707106888, w: -4.32978096e-17}
  m_LocalPosition: {x: 0, y: 0, z: 0}
  m_LocalScale: {x: 1, y: 1, z: 1}
  m_Children:
  - {fileID: 456478}
  m_Father: {fileID: 421786}
  m_RootOrder: 1
--- !u!4 &452338
Transform:
  m_ObjectHideFlags: 1
  m_PrefabParentObject: {fileID: 0}
  m_PrefabInternal: {fileID: 100100000}
  m_GameObject: {fileID: 135154}
  m_LocalRotation: {x: 0, y: 0, z: 0, w: 1}
  m_LocalPosition: {x: -0, y: .447801709, z: 0}
  m_LocalScale: {x: 1, y: 1, z: 1}
  m_Children: []
  m_Father: {fileID: 487398}
  m_RootOrder: 0
--- !u!4 &456478
Transform:
  m_ObjectHideFlags: 1
  m_PrefabParentObject: {fileID: 0}
  m_PrefabInternal: {fileID: 100100000}
  m_GameObject: {fileID: 172620}
  m_LocalRotation: {x: 0, y: 0, z: 0, w: 1}
  m_LocalPosition: {x: 0, y: 0, z: 0}
  m_LocalScale: {x: 1, y: 1, z: 1}
  m_Children: []
  m_Father: {fileID: 450540}
  m_RootOrder: 0
--- !u!4 &471006
Transform:
  m_ObjectHideFlags: 1
  m_PrefabParentObject: {fileID: 0}
  m_PrefabInternal: {fileID: 100100000}
  m_GameObject: {fileID: 112820}
  m_LocalRotation: {x: 0, y: 0, z: 0, w: 1}
  m_LocalPosition: {x: 0, y: 0, z: 11}
  m_LocalScale: {x: 8, y: 8, z: 1}
  m_Children: []
  m_Father: {fileID: 474108}
  m_RootOrder: 0
--- !u!4 &474108
Transform:
  m_ObjectHideFlags: 1
  m_PrefabParentObject: {fileID: 0}
  m_PrefabInternal: {fileID: 100100000}
  m_GameObject: {fileID: 194930}
  m_LocalRotation: {x: .707106829, y: 0, z: 0, w: .707106709}
  m_LocalPosition: {x: 0, y: 50, z: 0}
  m_LocalScale: {x: 1, y: 1, z: 1}
  m_Children:
  - {fileID: 471006}
  m_Father: {fileID: 495642}
  m_RootOrder: 1
--- !u!4 &475534
Transform:
  m_ObjectHideFlags: 1
  m_PrefabParentObject: {fileID: 0}
  m_PrefabInternal: {fileID: 100100000}
  m_GameObject: {fileID: 175796}
  m_LocalRotation: {x: 0, y: 0, z: 0, w: 1}
  m_LocalPosition: {x: 0, y: 0, z: 0}
  m_LocalScale: {x: 1, y: 1, z: 1}
  m_Children:
  - {fileID: 415248}
  m_Father: {fileID: 495642}
  m_RootOrder: 2
--- !u!4 &482544
Transform:
  m_ObjectHideFlags: 1
  m_PrefabParentObject: {fileID: 0}
  m_PrefabInternal: {fileID: 100100000}
  m_GameObject: {fileID: 197428}
  m_LocalRotation: {x: 5.44261276e-08, y: 0, z: -0, w: 1}
  m_LocalPosition: {x: 1.68118095, y: -.136893451, z: -.0763912201}
  m_LocalScale: {x: 1, y: 1, z: 1}
  m_Children:
  - {fileID: 484910}
  m_Father: {fileID: 417332}
  m_RootOrder: 3
--- !u!4 &484910
Transform:
  m_ObjectHideFlags: 1
  m_PrefabParentObject: {fileID: 0}
  m_PrefabInternal: {fileID: 100100000}
  m_GameObject: {fileID: 105610}
  m_LocalRotation: {x: 0, y: 0, z: 0, w: 1}
  m_LocalPosition: {x: -0, y: .273786902, z: 0}
  m_LocalScale: {x: 1, y: 1, z: 1}
  m_Children: []
  m_Father: {fileID: 482544}
  m_RootOrder: 0
--- !u!4 &487398
Transform:
  m_ObjectHideFlags: 1
  m_PrefabParentObject: {fileID: 0}
  m_PrefabInternal: {fileID: 100100000}
  m_GameObject: {fileID: 107528}
  m_LocalRotation: {x: 0, y: 0, z: .707106888, w: .707106769}
  m_LocalPosition: {x: .600354373, y: 0, z: .351503909}
  m_LocalScale: {x: .99999994, y: .99999994, z: 1}
  m_Children:
  - {fileID: 452338}
  m_Father: {fileID: 417332}
  m_RootOrder: 0
--- !u!4 &489708
Transform:
  m_ObjectHideFlags: 1
  m_PrefabParentObject: {fileID: 0}
  m_PrefabInternal: {fileID: 100100000}
  m_GameObject: {fileID: 191228}
  m_LocalRotation: {x: 0, y: 0, z: 0, w: 1}
  m_LocalPosition: {x: -0, y: .54093039, z: 0}
  m_LocalScale: {x: 1, y: 1, z: 1}
  m_Children: []
  m_Father: {fileID: 420506}
  m_RootOrder: 0
--- !u!4 &495642
Transform:
  m_ObjectHideFlags: 1
  m_PrefabParentObject: {fileID: 0}
  m_PrefabInternal: {fileID: 100100000}
  m_GameObject: {fileID: 101912}
  m_LocalRotation: {x: 0, y: 0, z: 0, w: 1}
  m_LocalPosition: {x: 93.9099274, y: 20.5873413, z: 11.9170141}
  m_LocalScale: {x: 1, y: 1, z: 1}
  m_Children:
  - {fileID: 423784}
  - {fileID: 474108}
  - {fileID: 475534}
  m_Father: {fileID: 0}
  m_RootOrder: 0
--- !u!20 &2033434
Camera:
  m_ObjectHideFlags: 1
  m_PrefabParentObject: {fileID: 0}
  m_PrefabInternal: {fileID: 100100000}
  m_GameObject: {fileID: 194930}
  m_Enabled: 1
  serializedVersion: 2
  m_ClearFlags: 1
  m_BackGroundColor: {r: .192156866, g: .301960796, b: .474509805, a: .0196078438}
  m_NormalizedViewPortRect:
    serializedVersion: 2
    x: .0125000002
    y: .774999976
    width: .165999994
    height: .200000003
  near clip plane: .300000012
  far clip plane: 1000
  field of view: 60
  orthographic: 1
  orthographic size: 45
  m_Depth: 1
  m_CullingMask:
    serializedVersion: 2
    m_Bits: 4294967295
  m_RenderingPath: -1
  m_TargetTexture: {fileID: 0}
  m_TargetDisplay: 0
  m_TargetEye: 3
  m_HDR: 0
  m_OcclusionCulling: 1
  m_StereoConvergence: 10
  m_StereoSeparation: .0219999999
  m_StereoMirrorMode: 0
--- !u!20 &2033790
Camera:
  m_ObjectHideFlags: 1
  m_PrefabParentObject: {fileID: 0}
  m_PrefabInternal: {fileID: 100100000}
  m_GameObject: {fileID: 142944}
  m_Enabled: 0
  serializedVersion: 2
  m_ClearFlags: 1
  m_BackGroundColor: {r: .192156866, g: .301960796, b: .474509805, a: .0196078438}
  m_NormalizedViewPortRect:
    serializedVersion: 2
    x: 0
    y: 0
    width: 1
    height: 1
  near clip plane: .300000012
  far clip plane: 1000
  field of view: 60
  orthographic: 0
  orthographic size: 5
  m_Depth: 0
  m_CullingMask:
    serializedVersion: 2
    m_Bits: 4294966271
  m_RenderingPath: -1
  m_TargetTexture: {fileID: 0}
  m_TargetDisplay: 0
  m_TargetEye: 3
  m_HDR: 0
  m_OcclusionCulling: 1
  m_StereoConvergence: 10
  m_StereoSeparation: .0219999999
  m_StereoMirrorMode: 0
--- !u!23 &2316652
MeshRenderer:
  m_ObjectHideFlags: 1
  m_PrefabParentObject: {fileID: 0}
  m_PrefabInternal: {fileID: 100100000}
  m_GameObject: {fileID: 186554}
  m_Enabled: 1
  m_CastShadows: 1
  m_ReceiveShadows: 1
  m_Materials:
  - {fileID: 10303, guid: 0000000000000000f000000000000000, type: 0}
  m_SubsetIndices: 
  m_StaticBatchRoot: {fileID: 0}
  m_UseLightProbes: 1
  m_ReflectionProbeUsage: 1
  m_ProbeAnchor: {fileID: 0}
  m_ScaleInLightmap: 1
  m_PreserveUVs: 1
  m_ImportantGI: 0
  m_AutoUVMaxDistance: .5
  m_AutoUVMaxAngle: 89
  m_LightmapParameters: {fileID: 0}
  m_SortingLayerID: 0
  m_SortingOrder: 0
--- !u!23 &2337194
MeshRenderer:
  m_ObjectHideFlags: 1
  m_PrefabParentObject: {fileID: 0}
  m_PrefabInternal: {fileID: 100100000}
  m_GameObject: {fileID: 172620}
  m_Enabled: 1
  m_CastShadows: 1
  m_ReceiveShadows: 1
  m_Materials:
  - {fileID: 2100000, guid: daa9092e40fe28a4d8014a41280cbecc, type: 2}
  m_SubsetIndices: 
  m_StaticBatchRoot: {fileID: 0}
  m_UseLightProbes: 1
  m_ReflectionProbeUsage: 1
  m_ProbeAnchor: {fileID: 0}
  m_ScaleInLightmap: 1
  m_PreserveUVs: 0
  m_ImportantGI: 0
  m_AutoUVMaxDistance: .5
  m_AutoUVMaxAngle: 89
  m_LightmapParameters: {fileID: 0}
  m_SortingLayerID: 0
  m_SortingOrder: 0
--- !u!33 &3316224
MeshFilter:
  m_ObjectHideFlags: 1
  m_PrefabParentObject: {fileID: 0}
  m_PrefabInternal: {fileID: 100100000}
  m_GameObject: {fileID: 172620}
  m_Mesh: {fileID: 4300000, guid: 6720e9b225940244eb0316236f3cd6bb, type: 3}
--- !u!33 &3362774
MeshFilter:
  m_ObjectHideFlags: 1
  m_PrefabParentObject: {fileID: 0}
  m_PrefabInternal: {fileID: 100100000}
  m_GameObject: {fileID: 186554}
  m_Mesh: {fileID: 10208, guid: 0000000000000000e000000000000000, type: 0}
--- !u!54 &5422482
Rigidbody:
  m_ObjectHideFlags: 1
  m_PrefabParentObject: {fileID: 0}
  m_PrefabInternal: {fileID: 100100000}
  m_GameObject: {fileID: 101912}
  serializedVersion: 2
  m_Mass: 1
  m_Drag: 0
  m_AngularDrag: .0500000007
  m_UseGravity: 1
  m_IsKinematic: 1
  m_Interpolate: 0
  m_Constraints: 0
  m_CollisionDetection: 0
--- !u!81 &8149216
AudioListener:
  m_ObjectHideFlags: 1
  m_PrefabParentObject: {fileID: 0}
  m_PrefabInternal: {fileID: 100100000}
  m_GameObject: {fileID: 142944}
  m_Enabled: 0
--- !u!82 &8259990
AudioSource:
  m_ObjectHideFlags: 1
  m_PrefabParentObject: {fileID: 0}
  m_PrefabInternal: {fileID: 100100000}
  m_GameObject: {fileID: 101912}
  m_Enabled: 1
  serializedVersion: 4
  OutputAudioMixerGroup: {fileID: 0}
  m_audioClip: {fileID: 0}
  m_PlayOnAwake: 1
  m_Volume: .0500000007
  m_Pitch: 1
  Loop: 0
  Mute: 0
  Spatialize: 0
  Priority: 128
  DopplerLevel: 1
  MinDistance: 1
  MaxDistance: 500
  Pan2D: 0
  rolloffMode: 0
  BypassEffects: 0
  BypassListenerEffects: 0
  BypassReverbZones: 0
  rolloffCustomCurve:
    serializedVersion: 2
    m_Curve:
    - time: 0
      value: 1
      inSlope: 0
      outSlope: 0
      tangentMode: 0
    - time: 1
      value: 0
      inSlope: 0
      outSlope: 0
      tangentMode: 0
    m_PreInfinity: 2
    m_PostInfinity: 2
  panLevelCustomCurve:
    serializedVersion: 2
    m_Curve:
    - time: 0
      value: 1
      inSlope: 0
      outSlope: 0
      tangentMode: 0
    m_PreInfinity: 2
    m_PostInfinity: 2
  spreadCustomCurve:
    serializedVersion: 2
    m_Curve:
    - time: 0
      value: 0
      inSlope: 0
      outSlope: 0
      tangentMode: 0
    m_PreInfinity: 2
    m_PostInfinity: 2
  reverbZoneMixCustomCurve:
    serializedVersion: 2
    m_Curve:
    - time: 0
      value: 1
      inSlope: 0
      outSlope: 0
      tangentMode: 0
    m_PreInfinity: 2
    m_PostInfinity: 2
--- !u!92 &9259176
Behaviour:
  m_ObjectHideFlags: 1
  m_PrefabParentObject: {fileID: 0}
  m_PrefabInternal: {fileID: 100100000}
  m_GameObject: {fileID: 194930}
  m_Enabled: 1
--- !u!95 &9550692
Animator:
  serializedVersion: 3
  m_ObjectHideFlags: 1
  m_PrefabParentObject: {fileID: 0}
  m_PrefabInternal: {fileID: 100100000}
  m_GameObject: {fileID: 184444}
  m_Enabled: 1
  m_Avatar: {fileID: 9000000, guid: ff9db64f4ebcbbe4096dfe4a1ab473ea, type: 3}
  m_Controller: {fileID: 0}
  m_CullingMode: 1
  m_UpdateMode: 0
  m_ApplyRootMotion: 0
  m_LinearVelocityBlending: 0
  m_WarningMessage: 
  m_HasTransformHierarchy: 1
  m_AllowConstantClipSamplingOptimization: 1
--- !u!114 &11400834
MonoBehaviour:
  m_ObjectHideFlags: 1
  m_PrefabParentObject: {fileID: 0}
  m_PrefabInternal: {fileID: 100100000}
  m_GameObject: {fileID: 101912}
  m_Enabled: 1
  m_EditorHideFlags: 0
  m_Script: {fileID: 372142912, guid: 870353891bb340e2b2a9c8707e7419ba, type: 3}
  m_Name: 
  m_EditorClassIdentifier: 
  m_SceneId:
    m_Value: 0
  m_AssetId:
    i0: 4
    i1: 218
    i2: 168
    i3: 92
    i4: 246
    i5: 212
    i6: 136
    i7: 164
    i8: 57
    i9: 235
    i10: 216
    i11: 2
    i12: 137
    i13: 118
    i14: 59
    i15: 143
  m_ServerOnly: 0
  m_LocalPlayerAuthority: 1
--- !u!114 &11409652
MonoBehaviour:
  m_ObjectHideFlags: 1
  m_PrefabParentObject: {fileID: 0}
  m_PrefabInternal: {fileID: 100100000}
  m_GameObject: {fileID: 101912}
  m_Enabled: 1
  m_EditorHideFlags: 0
  m_Script: {fileID: 11500000, guid: d916b1cf78a62694fb80ffcc293c55a2, type: 3}
  m_Name: 
  m_EditorClassIdentifier: 
  score: 0
--- !u!114 &11417154
MonoBehaviour:
  m_ObjectHideFlags: 1
  m_PrefabParentObject: {fileID: 0}
  m_PrefabInternal: {fileID: 100100000}
  m_GameObject: {fileID: 101912}
  m_Enabled: 0
  m_EditorHideFlags: 0
  m_Script: {fileID: 11500000, guid: 05ec5cf00ca181d45a42ba1870e148c3, type: 3}
  m_Name: 
  m_EditorClassIdentifier: 
  m_IsWalking: 0
  m_WalkSpeed: 5
  m_RunSpeed: 10
  m_RunstepLenghten: .699999988
  m_JumpSpeed: 10
  m_StickToGroundForce: 10
  m_GravityMultiplier: 2
  m_MouseLook:
    XSensitivity: 2
    YSensitivity: 2
    clampVerticalRotation: 1
    MinimumX: -90
    MaximumX: 90
    smooth: 0
    smoothTime: 5
    lockCursor: 1
  m_UseFovKick: 0
  m_FovKick:
    Camera: {fileID: 0}
    originalFov: 0
    FOVIncrease: 3
    TimeToIncrease: 1
    TimeToDecrease: 1
    IncreaseCurve:
      serializedVersion: 2
      m_Curve: []
      m_PreInfinity: 2
      m_PostInfinity: 2
  m_UseHeadBob: 1
  m_HeadBob:
    HorizontalBobRange: .200000003
    VerticalBobRange: .200000003
    Bobcurve:
      serializedVersion: 2
      m_Curve:
      - time: 0
        value: 0
        inSlope: 0
        outSlope: 0
        tangentMode: 0
      - time: .51666671
        value: .14676854
        inSlope: 0
        outSlope: 0
        tangentMode: 0
      - time: 1
        value: 0
        inSlope: 0
        outSlope: 0
        tangentMode: 0
      - time: 1.45833337
        value: -.154633328
        inSlope: 0
        outSlope: 0
        tangentMode: 0
      - time: 2
        value: 0
        inSlope: 0
        outSlope: 0
        tangentMode: 0
      m_PreInfinity: 2
      m_PostInfinity: 2
    VerticaltoHorizontalRatio: 1
  m_JumpBob:
    BobDuration: 0
    BobAmount: 0
  m_StepInterval: 5
  m_FootstepSounds:
  - {fileID: 8300000, guid: 42e65e088b3f4374e851b8dbd38f3df9, type: 3}
  - {fileID: 8300000, guid: 8bc94ec6ed537e743b481638bdcd503d, type: 3}
  - {fileID: 8300000, guid: 5a9383dda6cabc047b7a297602e93eb4, type: 3}
  - {fileID: 8300000, guid: e9714160ce34f2b4ab63ff8c27bd68e1, type: 3}
  m_JumpSound: {fileID: 8300000, guid: 5897aeed9b676024fbb8c694b421a861, type: 3}
  m_LandSound: {fileID: 8300000, guid: 3b09d59f4499d45428baa7a21e954296, type: 3}
  m_Jumping: 0
--- !u!114 &11438592
MonoBehaviour:
  m_ObjectHideFlags: 1
  m_PrefabParentObject: {fileID: 0}
  m_PrefabInternal: {fileID: 100100000}
  m_GameObject: {fileID: 101912}
  m_Enabled: 1
  m_EditorHideFlags: 0
  m_Script: {fileID: 11500000, guid: 855e81096fbfd234d89da8120a78c52a, type: 3}
  m_Name: 
  m_EditorClassIdentifier: 
  FPSCharacterCam: {fileID: 2033790}
  audioListener: {fileID: 8149216}
--- !u!114 &11447046
MonoBehaviour:
  m_ObjectHideFlags: 1
  m_PrefabParentObject: {fileID: 0}
  m_PrefabInternal: {fileID: 100100000}
  m_GameObject: {fileID: 101912}
  m_Enabled: 1
  m_EditorHideFlags: 0
  m_Script: {fileID: 11500000, guid: 7c48ccc5349f18442ac01fdd2679dccc, type: 3}
  m_Name: 
  m_EditorClassIdentifier: 
--- !u!114 &11447154
MonoBehaviour:
  m_ObjectHideFlags: 1
  m_PrefabParentObject: {fileID: 0}
  m_PrefabInternal: {fileID: 100100000}
  m_GameObject: {fileID: 101912}
  m_Enabled: 1
  m_EditorHideFlags: 0
  m_Script: {fileID: 11500000, guid: d19b90d73b7c41b4ba83a620fb3e5a71, type: 3}
  m_Name: 
  m_EditorClassIdentifier: 
  playerTransform: {fileID: 495642}
  lerpRate: 15
--- !u!114 &11448734
MonoBehaviour:
  m_ObjectHideFlags: 1
  m_PrefabParentObject: {fileID: 0}
  m_PrefabInternal: {fileID: 100100000}
  m_GameObject: {fileID: 101912}
  m_Enabled: 1
  m_EditorHideFlags: 0
  m_Script: {fileID: 11500000, guid: 3493d13a2d9fc33478e91623131bb2bf, type: 3}
  m_Name: 
  m_EditorClassIdentifier: 
--- !u!114 &11451244
MonoBehaviour:
  m_ObjectHideFlags: 1
  m_PrefabParentObject: {fileID: 0}
  m_PrefabInternal: {fileID: 100100000}
  m_GameObject: {fileID: 101912}
  m_Enabled: 1
  m_EditorHideFlags: 0
  m_Script: {fileID: 11500000, guid: 876057fc2064c6e45ba768449fc72163, type: 3}
  m_Name: 
  m_EditorClassIdentifier: 
--- !u!114 &11452986
MonoBehaviour:
  m_ObjectHideFlags: 1
  m_PrefabParentObject: {fileID: 0}
  m_PrefabInternal: {fileID: 100100000}
  m_GameObject: {fileID: 101912}
  m_Enabled: 1
  m_EditorHideFlags: 0
  m_Script: {fileID: 11500000, guid: 2ad94aeeaf1ac4e44b2c88cc543f5e2a, type: 3}
  m_Name: 
  m_EditorClassIdentifier: 
  playerTransform: {fileID: 495642}
  cameraTransform: {fileID: 415248}
  lerpRate: 15
--- !u!114 &11470032
MonoBehaviour:
  m_ObjectHideFlags: 1
  m_PrefabParentObject: {fileID: 0}
  m_PrefabInternal: {fileID: 100100000}
  m_GameObject: {fileID: 101912}
  m_Enabled: 1
  m_EditorHideFlags: 0
  m_Script: {fileID: 11500000, guid: 81064c9ae05d04f41b6104ad92858ffa, type: 3}
  m_Name: 
  m_EditorClassIdentifier: 
--- !u!114 &11473914
MonoBehaviour:
  m_ObjectHideFlags: 1
  m_PrefabParentObject: {fileID: 0}
  m_PrefabInternal: {fileID: 100100000}
  m_GameObject: {fileID: 101912}
  m_Enabled: 1
  m_EditorHideFlags: 0
  m_Script: {fileID: 11500000, guid: 0aaf6c5abbbd06d4780f3d45c387c77a, type: 3}
  m_Name: 
  m_EditorClassIdentifier: 
  grenadePrefab: {fileID: 160842, guid: b7ee92477b93fb847a658b4cea6d02b0, type: 2}
  grenadeSpawn: {fileID: 414762}
  canBeShot: 0
  shotForce: 200
--- !u!114 &11474698
MonoBehaviour:
  m_ObjectHideFlags: 1
  m_PrefabParentObject: {fileID: 0}
  m_PrefabInternal: {fileID: 100100000}
  m_GameObject: {fileID: 101912}
  m_Enabled: 1
  m_EditorHideFlags: 0
  m_Script: {fileID: 11500000, guid: 832d853debd08874f8b88326f132df8f, type: 3}
  m_Name: 
  m_EditorClassIdentifier: 
  shootingDamage: 0
  meleeDamage: 40
  shootingRange: 200
  meleeRange: 1
  camTransform: {fileID: 415248}
  bulletPrefab: {fileID: 194282, guid: f3b682bbebbab88419d87e45cf76d1f9, type: 2}
  bulletSpawn: {fileID: 429800}
  bulletHole: {fileID: 194282, guid: f3b682bbebbab88419d87e45cf76d1f9, type: 2}
  shootingCrowd: 0
  layerMask:
    serializedVersion: 2
    m_Bits: 256
  myTransform: {fileID: 0}
  isAimingDownSight: 0
  weaponSpray: 15
  recoilAmount: 0
--- !u!114 &11486470
MonoBehaviour:
  m_ObjectHideFlags: 1
  m_PrefabParentObject: {fileID: 0}
  m_PrefabInternal: {fileID: 100100000}
  m_GameObject: {fileID: 101912}
  m_Enabled: 1
  m_EditorHideFlags: 0
  m_Script: {fileID: 11500000, guid: 8bf112884fc7e9149ab730da8249185d, type: 3}
  m_Name: 
  m_EditorClassIdentifier: 
  isDead: 0
--- !u!114 &11487066
MonoBehaviour:
  m_ObjectHideFlags: 1
  m_PrefabParentObject: {fileID: 0}
  m_PrefabInternal: {fileID: 100100000}
  m_GameObject: {fileID: 184444}
  m_Enabled: 1
  m_EditorHideFlags: 0
  m_Script: {fileID: 11500000, guid: ca1bd6e309a712b42bacde43c370ec9d, type: 3}
  m_Name: 
  m_EditorClassIdentifier: 
  defaultFOV: 60
  aimedFOV: 26
  smoothFOV: 5
  hipPosition: {x: .495026708, y: -.441250592, z: 1.20234299}
  aimPosition: {x: 0, y: -.109999999, z: .699999988}
  smoothAim: 20
  aimingDownSight: 0
  leftleanAngle: 45
  rightleanAngle: -45
  tempPosition: {x: 0, y: 0, z: 0}
  angle: 0
  recoil: 0
  maxRecoilX: 10
  maxRecoilY: 10
  recoilSpeed: 5
  playerCamera: {fileID: 475534}
  isPeaking: 0
--- !u!124 &12406912
Behaviour:
  m_ObjectHideFlags: 1
  m_PrefabParentObject: {fileID: 0}
  m_PrefabInternal: {fileID: 100100000}
  m_GameObject: {fileID: 194930}
  m_Enabled: 1
--- !u!136 &13651806
CapsuleCollider:
  m_ObjectHideFlags: 1
  m_PrefabParentObject: {fileID: 0}
  m_PrefabInternal: {fileID: 100100000}
  m_GameObject: {fileID: 101912}
  m_Material: {fileID: 0}
  m_IsTrigger: 1
  m_Enabled: 1
  m_Radius: .5
  m_Height: 1
  m_Direction: 1
  m_Center: {x: 0, y: 0, z: 0}
--- !u!136 &13676978
CapsuleCollider:
  m_ObjectHideFlags: 1
  m_PrefabParentObject: {fileID: 0}
  m_PrefabInternal: {fileID: 100100000}
  m_GameObject: {fileID: 186554}
  m_Material: {fileID: 0}
  m_IsTrigger: 0
  m_Enabled: 1
  m_Radius: .5
  m_Height: 2
  m_Direction: 1
  m_Center: {x: 0, y: 0, z: 0}
--- !u!137 &13754646
SkinnedMeshRenderer:
  m_ObjectHideFlags: 1
  m_PrefabParentObject: {fileID: 0}
  m_PrefabInternal: {fileID: 100100000}
  m_GameObject: {fileID: 155884}
  m_Enabled: 1
  m_CastShadows: 1
  m_ReceiveShadows: 1
  m_Materials:
  - {fileID: 2100000, guid: 2664a5e047b95634aa3b954031b9e006, type: 2}
  m_SubsetIndices: 
  m_StaticBatchRoot: {fileID: 0}
  m_UseLightProbes: 1
  m_ReflectionProbeUsage: 1
  m_ProbeAnchor: {fileID: 0}
  m_ScaleInLightmap: 1
  m_PreserveUVs: 0
  m_ImportantGI: 0
  m_AutoUVMaxDistance: .5
  m_AutoUVMaxAngle: 89
  m_LightmapParameters: {fileID: 0}
  m_SortingLayerID: 0
  m_SortingOrder: 0
  serializedVersion: 2
  m_Quality: 0
  m_UpdateWhenOffscreen: 0
  m_Mesh: {fileID: 4300000, guid: ff9db64f4ebcbbe4096dfe4a1ab473ea, type: 3}
  m_Bones:
  - {fileID: 423846}
  - {fileID: 420506}
  - {fileID: 482544}
  - {fileID: 487398}
  m_BlendShapeWeights: []
  m_RootBone: {fileID: 487398}
  m_AABB:
    m_Center: {x: -1.28149986e-06, y: .511743546, z: -.90913111}
    m_Extent: {x: .231670305, y: 4.64827633, z: 1.30881596}
  m_DirtyAABB: 0
--- !u!143 &14327974
CharacterController:
  m_ObjectHideFlags: 1
  m_PrefabParentObject: {fileID: 0}
  m_PrefabInternal: {fileID: 100100000}
  m_GameObject: {fileID: 101912}
  m_Material: {fileID: 0}
  m_IsTrigger: 0
  m_Enabled: 1
  serializedVersion: 2
  m_Height: 2
  m_Radius: .5
  m_SlopeLimit: 45
  m_StepOffset: .300000012
  m_SkinWidth: .0799999982
  m_MinMoveDistance: .00100000005
  m_Center: {x: 0, y: 0, z: 0}
--- !u!212 &21297386
SpriteRenderer:
  m_ObjectHideFlags: 1
  m_PrefabParentObject: {fileID: 0}
  m_PrefabInternal: {fileID: 100100000}
  m_GameObject: {fileID: 112820}
  m_Enabled: 1
  m_CastShadows: 0
  m_ReceiveShadows: 0
  m_Materials:
  - {fileID: 10754, guid: 0000000000000000e000000000000000, type: 0}
  m_SubsetIndices: 
  m_StaticBatchRoot: {fileID: 0}
  m_UseLightProbes: 0
  m_ReflectionProbeUsage: 0
  m_ProbeAnchor: {fileID: 0}
  m_ScaleInLightmap: 1
  m_PreserveUVs: 0
  m_ImportantGI: 0
  m_AutoUVMaxDistance: .5
  m_AutoUVMaxAngle: 89
  m_LightmapParameters: {fileID: 0}
  m_SortingLayerID: 0
  m_SortingOrder: 0
  m_Sprite: {fileID: 21300000, guid: 6ab11b511f2cde74ba21cedb1df2d6fa, type: 3}
  m_Color: {r: 1, g: 1, b: 1, a: 1}
--- !u!1001 &100100000
Prefab:
  m_ObjectHideFlags: 1
  serializedVersion: 2
  m_Modification:
    m_TransformParent: {fileID: 0}
    m_Modifications:
    - target: {fileID: 0}
      propertyPath: m_FootstepSounds.Array.size
      value: 4
      objectReference: {fileID: 0}
    - target: {fileID: 0}
      propertyPath: m_HeadBob.Bobcurve.m_Curve.Array.size
      value: 2
      objectReference: {fileID: 0}
    - target: {fileID: 0}
      propertyPath: playerTransform
      value: 
      objectReference: {fileID: 0}
    - target: {fileID: 0}
      propertyPath: audioListener
      value: 
      objectReference: {fileID: 8149216}
    - target: {fileID: 0}
      propertyPath: FPSCharacterCam
      value: 
      objectReference: {fileID: 2033790}
    - target: {fileID: 0}
      propertyPath: cameraTransform
      value: 
      objectReference: {fileID: 0}
    - target: {fileID: 0}
      propertyPath: m_Enabled
      value: 0
      objectReference: {fileID: 0}
    - target: {fileID: 0}
      propertyPath: m_GravityMultiplier
      value: 2
      objectReference: {fileID: 0}
    - target: {fileID: 0}
      propertyPath: m_WalkSpeed
      value: 5
      objectReference: {fileID: 0}
    - target: {fileID: 0}
      propertyPath: m_RunSpeed
      value: 10
      objectReference: {fileID: 0}
    - target: {fileID: 0}
      propertyPath: m_RunstepLenghten
      value: 0.7
      objectReference: {fileID: 0}
    - target: {fileID: 0}
      propertyPath: m_JumpSpeed
      value: 10
      objectReference: {fileID: 0}
    - target: {fileID: 0}
      propertyPath: m_StickToGroundForce
      value: 10
      objectReference: {fileID: 0}
    - target: {fileID: 0}
      propertyPath: m_UseFovKick
      value: 0
      objectReference: {fileID: 0}
    - target: {fileID: 0}
      propertyPath: m_UseHeadBob
      value: 1
      objectReference: {fileID: 0}
    - target: {fileID: 0}
      propertyPath: m_StepInterval
      value: 5
      objectReference: {fileID: 0}
    - target: {fileID: 0}
      propertyPath: m_JumpSound
      value: 
      objectReference: {fileID: 8300000, guid: 5897aeed9b676024fbb8c694b421a861, type: 3}
    - target: {fileID: 0}
      propertyPath: m_LandSound
      value: 
      objectReference: {fileID: 8300000, guid: 3b09d59f4499d45428baa7a21e954296, type: 3}
    - target: {fileID: 0}
      propertyPath: m_IsKinematic
      value: 1
      objectReference: {fileID: 0}
    - target: {fileID: 0}
      propertyPath: m_FootstepSounds.Array.data[0]
      value: 
      objectReference: {fileID: 8300000, guid: 42e65e088b3f4374e851b8dbd38f3df9, type: 3}
    - target: {fileID: 0}
      propertyPath: m_FootstepSounds.Array.data[1]
      value: 
      objectReference: {fileID: 8300000, guid: 8bc94ec6ed537e743b481638bdcd503d, type: 3}
    - target: {fileID: 0}
      propertyPath: m_FootstepSounds.Array.data[2]
      value: 
      objectReference: {fileID: 8300000, guid: 5a9383dda6cabc047b7a297602e93eb4, type: 3}
    - target: {fileID: 0}
      propertyPath: m_FootstepSounds.Array.data[3]
      value: 
      objectReference: {fileID: 8300000, guid: e9714160ce34f2b4ab63ff8c27bd68e1, type: 3}
    - target: {fileID: 0}
      propertyPath: m_HeadBob.HorizontalBobRange
      value: 0.2
      objectReference: {fileID: 0}
    - target: {fileID: 0}
      propertyPath: m_HeadBob.VerticalBobRange
      value: 0.2
      objectReference: {fileID: 0}
    - target: {fileID: 0}
      propertyPath: m_HeadBob.Bobcurve.m_Curve.Array.data[1].value
      value: 1
      objectReference: {fileID: 0}
    - target: {fileID: 0}
      propertyPath: m_HeadBob.Bobcurve.m_RotationOrder
      value: 0
      objectReference: {fileID: 0}
    - target: {fileID: 0}
      propertyPath: m_HeadBob.Bobcurve.m_Curve.Array.data[1].time
      value: 1
      objectReference: {fileID: 0}
    - target: {fileID: 0}
      propertyPath: m_HeadBob.Bobcurve.m_Curve.Array.data[3].value
      value: -0.15463333
      objectReference: {fileID: 0}
    - target: {fileID: 0}
      propertyPath: m_HeadBob.Bobcurve.m_Curve.Array.data[3].time
      value: 1.4583334
      objectReference: {fileID: 0}
    - target: {fileID: 0}
      propertyPath: m_HeadBob.Bobcurve.m_Curve.Array.data[0].value
      value: 1
      objectReference: {fileID: 0}
    - target: {fileID: 0}
      propertyPath: m_HeadBob.Bobcurve.m_Curve.Array.data[2].time
      value: 1
      objectReference: {fileID: 0}
    - target: {fileID: 0}
      propertyPath: m_HeadBob.Bobcurve.m_Curve.Array.data[4].time
      value: 2
      objectReference: {fileID: 0}
    - target: {fileID: 0}
      propertyPath: m_HeadBob.Bobcurve.m_Curve.Array.data[0].inSlope
      value: 0
      objectReference: {fileID: 0}
    - target: {fileID: 0}
      propertyPath: m_HeadBob.Bobcurve.m_Curve.Array.data[0].outSlope
      value: 0
      objectReference: {fileID: 0}
    - target: {fileID: 0}
      propertyPath: m_HeadBob.Bobcurve.m_Curve.Array.data[0].tangentMode
      value: 0
      objectReference: {fileID: 0}
    - target: {fileID: 0}
      propertyPath: m_HeadBob.Bobcurve.m_Curve.Array.data[1].inSlope
      value: 0
      objectReference: {fileID: 0}
    - target: {fileID: 0}
      propertyPath: m_HeadBob.Bobcurve.m_Curve.Array.data[1].outSlope
      value: 0
      objectReference: {fileID: 0}
    - target: {fileID: 0}
      propertyPath: m_HeadBob.Bobcurve.m_Curve.Array.data[1].tangentMode
      value: 0
      objectReference: {fileID: 0}
    - target: {fileID: 0}
      propertyPath: lerpRate
      value: 15
      objectReference: {fileID: 0}
    - target: {fileID: 0}
      propertyPath: m_TagString
      value: Player
      objectReference: {fileID: 0}
    - target: {fileID: 0}
      propertyPath: camTransform
      value: 
      objectReference: {fileID: 415248}
    - target: {fileID: 0}
      propertyPath: m_PlayOnAwake
      value: 1
      objectReference: {fileID: 0}
    - target: {fileID: 0}
      propertyPath: m_Layer
      value: 9
      objectReference: {fileID: 0}
    - target: {fileID: 0}
      propertyPath: layerMask.m_Bits
      value: 256
      objectReference: {fileID: 0}
    - target: {fileID: 0}
      propertyPath: m_NormalizedViewPortRect.x
      value: .0149999997
      objectReference: {fileID: 0}
    - target: {fileID: 0}
      propertyPath: m_NormalizedViewPortRect.y
      value: .774999976
      objectReference: {fileID: 0}
    - target: {fileID: 0}
      propertyPath: m_NormalizedViewPortRect.width
      value: .200000003
      objectReference: {fileID: 0}
    - target: {fileID: 0}
      propertyPath: m_NormalizedViewPortRect.height
      value: .200000003
      objectReference: {fileID: 0}
    - target: {fileID: 0}
      propertyPath: m_Depth
      value: 1
      objectReference: {fileID: 0}
    - target: {fileID: 0}
      propertyPath: m_LocalRotation.x
      value: 0
      objectReference: {fileID: 0}
    - target: {fileID: 0}
      propertyPath: m_LocalRotation.w
      value: 1
      objectReference: {fileID: 0}
    - target: {fileID: 0}
      propertyPath: m_LocalPosition.y
      value: -.0500000007
      objectReference: {fileID: 0}
    - target: {fileID: 0}
      propertyPath: m_LocalPosition.z
      value: 6
      objectReference: {fileID: 0}
    m_RemovedComponents: []
  m_ParentPrefab: {fileID: 0}
  m_RootGameObject: {fileID: 101912}
  m_IsPrefabParent: 1
