%YAML 1.1
%TAG !u! tag:unity3d.com,2011:
--- !u!1 &100950
GameObject:
  m_ObjectHideFlags: 1
  m_PrefabParentObject: {fileID: 0}
  m_PrefabInternal: {fileID: 100100000}
  serializedVersion: 4
  m_Component:
  - 4: {fileID: 433792}
  m_Layer: 0
  m_Name: R_thumb2
  m_TagString: Untagged
  m_Icon: {fileID: 0}
  m_NavMeshLayer: 0
  m_StaticEditorFlags: 0
  m_IsActive: 1
--- !u!1 &101992
GameObject:
  m_ObjectHideFlags: 1
  m_PrefabParentObject: {fileID: 0}
  m_PrefabInternal: {fileID: 100100000}
  serializedVersion: 4
  m_Component:
  - 4: {fileID: 434662}
  m_Layer: 0
  m_Name: R_eye
  m_TagString: Untagged
  m_Icon: {fileID: 0}
  m_NavMeshLayer: 0
  m_StaticEditorFlags: 0
  m_IsActive: 1
--- !u!1 &104294
GameObject:
  m_ObjectHideFlags: 1
  m_PrefabParentObject: {fileID: 0}
  m_PrefabInternal: {fileID: 100100000}
  serializedVersion: 4
  m_Component:
  - 4: {fileID: 480578}
  m_Layer: 0
  m_Name: neckcontrol
  m_TagString: Untagged
  m_Icon: {fileID: 0}
  m_NavMeshLayer: 0
  m_StaticEditorFlags: 0
  m_IsActive: 1
--- !u!1 &106228
GameObject:
  m_ObjectHideFlags: 1
  m_PrefabParentObject: {fileID: 0}
  m_PrefabInternal: {fileID: 100100000}
  serializedVersion: 4
  m_Component:
  - 4: {fileID: 414568}
  m_Layer: 0
  m_Name: L_leg
  m_TagString: Untagged
  m_Icon: {fileID: 0}
  m_NavMeshLayer: 0
  m_StaticEditorFlags: 0
  m_IsActive: 1
--- !u!1 &107396
GameObject:
  m_ObjectHideFlags: 1
  m_PrefabParentObject: {fileID: 0}
  m_PrefabInternal: {fileID: 100100000}
  serializedVersion: 4
  m_Component:
  - 4: {fileID: 433808}
  m_Layer: 0
  m_Name: L_arm_Pole
  m_TagString: Untagged
  m_Icon: {fileID: 0}
  m_NavMeshLayer: 0
  m_StaticEditorFlags: 0
  m_IsActive: 1
--- !u!1 &108408
GameObject:
  m_ObjectHideFlags: 1
  m_PrefabParentObject: {fileID: 0}
  m_PrefabInternal: {fileID: 100100000}
  serializedVersion: 4
  m_Component:
  - 4: {fileID: 430310}
  m_Layer: 0
  m_Name: Joint_3_2_2
  m_TagString: Untagged
  m_Icon: {fileID: 0}
  m_NavMeshLayer: 0
  m_StaticEditorFlags: 0
  m_IsActive: 1
--- !u!1 &108606
GameObject:
  m_ObjectHideFlags: 1
  m_PrefabParentObject: {fileID: 0}
  m_PrefabInternal: {fileID: 100100000}
  serializedVersion: 4
  m_Component:
  - 4: {fileID: 437190}
  m_Layer: 0
  m_Name: R_leg
  m_TagString: Untagged
  m_Icon: {fileID: 0}
  m_NavMeshLayer: 0
  m_StaticEditorFlags: 0
  m_IsActive: 1
--- !u!1 &109028
GameObject:
  m_ObjectHideFlags: 1
  m_PrefabParentObject: {fileID: 0}
  m_PrefabInternal: {fileID: 100100000}
  serializedVersion: 4
  m_Component:
  - 4: {fileID: 416738}
  m_Layer: 0
  m_Name: Joint_3_4
  m_TagString: Untagged
  m_Icon: {fileID: 0}
  m_NavMeshLayer: 0
  m_StaticEditorFlags: 0
  m_IsActive: 1
--- !u!1 &110898
GameObject:
  m_ObjectHideFlags: 1
  m_PrefabParentObject: {fileID: 0}
  m_PrefabInternal: {fileID: 100100000}
  serializedVersion: 4
  m_Component:
  - 4: {fileID: 428312}
  m_Layer: 0
  m_Name: R_ring3
  m_TagString: Untagged
  m_Icon: {fileID: 0}
  m_NavMeshLayer: 0
  m_StaticEditorFlags: 0
  m_IsActive: 1
--- !u!1 &111964
GameObject:
  m_ObjectHideFlags: 1
  m_PrefabParentObject: {fileID: 0}
  m_PrefabInternal: {fileID: 100100000}
  serializedVersion: 4
  m_Component:
  - 4: {fileID: 460020}
  m_Layer: 0
  m_Name: L_arm_Goal
  m_TagString: Untagged
  m_Icon: {fileID: 0}
  m_NavMeshLayer: 0
  m_StaticEditorFlags: 0
  m_IsActive: 1
--- !u!1 &114080
GameObject:
  m_ObjectHideFlags: 1
  m_PrefabParentObject: {fileID: 0}
  m_PrefabInternal: {fileID: 100100000}
  serializedVersion: 4
  m_Component:
  - 4: {fileID: 491148}
  m_Layer: 0
  m_Name: R_middle3
  m_TagString: Untagged
  m_Icon: {fileID: 0}
  m_NavMeshLayer: 0
  m_StaticEditorFlags: 0
  m_IsActive: 1
--- !u!1 &116646
GameObject:
  m_ObjectHideFlags: 1
  m_PrefabParentObject: {fileID: 0}
  m_PrefabInternal: {fileID: 100100000}
  serializedVersion: 4
  m_Component:
  - 4: {fileID: 477434}
  m_Layer: 0
  m_Name: L_knee
  m_TagString: Untagged
  m_Icon: {fileID: 0}
  m_NavMeshLayer: 0
  m_StaticEditorFlags: 0
  m_IsActive: 1
--- !u!1 &116842
GameObject:
  m_ObjectHideFlags: 1
  m_PrefabParentObject: {fileID: 0}
  m_PrefabInternal: {fileID: 100100000}
  serializedVersion: 4
  m_Component:
  - 4: {fileID: 497766}
  m_Layer: 0
  m_Name: R_ankle_Goal
  m_TagString: Untagged
  m_Icon: {fileID: 0}
  m_NavMeshLayer: 0
  m_StaticEditorFlags: 0
  m_IsActive: 1
--- !u!1 &117172
GameObject:
  m_ObjectHideFlags: 1
  m_PrefabParentObject: {fileID: 0}
  m_PrefabInternal: {fileID: 100100000}
  serializedVersion: 4
  m_Component:
  - 4: {fileID: 441612}
  m_Layer: 0
  m_Name: R_elbow
  m_TagString: Untagged
  m_Icon: {fileID: 0}
  m_NavMeshLayer: 0
  m_StaticEditorFlags: 0
  m_IsActive: 1
--- !u!1 &118376
GameObject:
  m_ObjectHideFlags: 1
  m_PrefabParentObject: {fileID: 0}
  m_PrefabInternal: {fileID: 100100000}
  serializedVersion: 4
  m_Component:
  - 4: {fileID: 401720}
  m_Layer: 0
  m_Name: R_leg_Pole
  m_TagString: Untagged
  m_Icon: {fileID: 0}
  m_NavMeshLayer: 0
  m_StaticEditorFlags: 0
  m_IsActive: 1
--- !u!1 &119778
GameObject:
  m_ObjectHideFlags: 1
  m_PrefabParentObject: {fileID: 0}
  m_PrefabInternal: {fileID: 100100000}
  serializedVersion: 4
  m_Component:
  - 4: {fileID: 430802}
  m_Layer: 0
  m_Name: R_point3
  m_TagString: Untagged
  m_Icon: {fileID: 0}
  m_NavMeshLayer: 0
  m_StaticEditorFlags: 0
  m_IsActive: 1
--- !u!1 &122866
GameObject:
  m_ObjectHideFlags: 1
  m_PrefabParentObject: {fileID: 0}
  m_PrefabInternal: {fileID: 100100000}
  serializedVersion: 4
  m_Component:
  - 4: {fileID: 468502}
  m_Layer: 0
  m_Name: L_leg_Pole
  m_TagString: Untagged
  m_Icon: {fileID: 0}
  m_NavMeshLayer: 0
  m_StaticEditorFlags: 0
  m_IsActive: 1
--- !u!1 &122956
GameObject:
  m_ObjectHideFlags: 1
  m_PrefabParentObject: {fileID: 0}
  m_PrefabInternal: {fileID: 100100000}
  serializedVersion: 4
  m_Component:
  - 4: {fileID: 406196}
  m_Layer: 0
  m_Name: L_thumb3
  m_TagString: Untagged
  m_Icon: {fileID: 0}
  m_NavMeshLayer: 0
  m_StaticEditorFlags: 0
  m_IsActive: 1
--- !u!1 &123140
GameObject:
  m_ObjectHideFlags: 1
  m_PrefabParentObject: {fileID: 0}
  m_PrefabInternal: {fileID: 100100000}
  serializedVersion: 4
  m_Component:
  - 4: {fileID: 409166}
  m_Layer: 0
  m_Name: R_middle1
  m_TagString: Untagged
  m_Icon: {fileID: 0}
  m_NavMeshLayer: 0
  m_StaticEditorFlags: 0
  m_IsActive: 1
--- !u!1 &123270
GameObject:
  m_ObjectHideFlags: 1
  m_PrefabParentObject: {fileID: 0}
  m_PrefabInternal: {fileID: 100100000}
  serializedVersion: 4
  m_Component:
  - 4: {fileID: 432740}
  m_Layer: 0
  m_Name: L_middle3
  m_TagString: Untagged
  m_Icon: {fileID: 0}
  m_NavMeshLayer: 0
  m_StaticEditorFlags: 0
  m_IsActive: 1
--- !u!1 &124390
GameObject:
  m_ObjectHideFlags: 1
  m_PrefabParentObject: {fileID: 0}
  m_PrefabInternal: {fileID: 100100000}
  serializedVersion: 4
  m_Component:
  - 4: {fileID: 468534}
  m_Layer: 0
  m_Name: R_thumb1
  m_TagString: Untagged
  m_Icon: {fileID: 0}
  m_NavMeshLayer: 0
  m_StaticEditorFlags: 0
  m_IsActive: 1
--- !u!1 &125730
GameObject:
  m_ObjectHideFlags: 1
  m_PrefabParentObject: {fileID: 0}
  m_PrefabInternal: {fileID: 100100000}
  serializedVersion: 4
  m_Component:
  - 4: {fileID: 431964}
  m_Layer: 0
  m_Name: R_ankle
  m_TagString: Untagged
  m_Icon: {fileID: 0}
  m_NavMeshLayer: 0
  m_StaticEditorFlags: 0
  m_IsActive: 1
--- !u!1 &132046
GameObject:
  m_ObjectHideFlags: 0
  m_PrefabParentObject: {fileID: 0}
  m_PrefabInternal: {fileID: 100100000}
  serializedVersion: 4
  m_Component:
  - 4: {fileID: 496038}
  m_Layer: 0
  m_Name: hipcontrol
  m_TagString: Untagged
  m_Icon: {fileID: 0}
  m_NavMeshLayer: 0
  m_StaticEditorFlags: 0
  m_IsActive: 1
--- !u!1 &133528
GameObject:
  m_ObjectHideFlags: 1
  m_PrefabParentObject: {fileID: 0}
  m_PrefabInternal: {fileID: 100100000}
  serializedVersion: 4
  m_Component:
  - 4: {fileID: 425900}
  m_Layer: 0
  m_Name: lip
  m_TagString: Untagged
  m_Icon: {fileID: 0}
  m_NavMeshLayer: 0
  m_StaticEditorFlags: 0
  m_IsActive: 1
--- !u!1 &134452
GameObject:
  m_ObjectHideFlags: 1
  m_PrefabParentObject: {fileID: 0}
  m_PrefabInternal: {fileID: 100100000}
  serializedVersion: 4
  m_Component:
  - 4: {fileID: 417276}
  m_Layer: 0
  m_Name: chestcontrol
  m_TagString: Untagged
  m_Icon: {fileID: 0}
  m_NavMeshLayer: 0
  m_StaticEditorFlags: 0
  m_IsActive: 1
--- !u!1 &135100
GameObject:
  m_ObjectHideFlags: 0
  m_PrefabParentObject: {fileID: 0}
  m_PrefabInternal: {fileID: 100100000}
  serializedVersion: 4
  m_Component:
  - 4: {fileID: 400448}
  m_Layer: 0
  m_Name: footbase
  m_TagString: Untagged
  m_Icon: {fileID: 0}
  m_NavMeshLayer: 0
  m_StaticEditorFlags: 0
  m_IsActive: 1
--- !u!1 &136074
GameObject:
  m_ObjectHideFlags: 1
  m_PrefabParentObject: {fileID: 0}
  m_PrefabInternal: {fileID: 100100000}
  serializedVersion: 4
  m_Component:
  - 4: {fileID: 477740}
  m_Layer: 0
  m_Name: R_wrist
  m_TagString: Untagged
  m_Icon: {fileID: 0}
  m_NavMeshLayer: 0
  m_StaticEditorFlags: 0
  m_IsActive: 1
--- !u!1 &137228
GameObject:
  m_ObjectHideFlags: 1
  m_PrefabParentObject: {fileID: 0}
  m_PrefabInternal: {fileID: 100100000}
  serializedVersion: 4
  m_Component:
  - 4: {fileID: 405112}
  m_Layer: 0
  m_Name: L_thumb1
  m_TagString: Untagged
  m_Icon: {fileID: 0}
  m_NavMeshLayer: 0
  m_StaticEditorFlags: 0
  m_IsActive: 1
--- !u!1 &138018
GameObject:
  m_ObjectHideFlags: 1
  m_PrefabParentObject: {fileID: 0}
  m_PrefabInternal: {fileID: 100100000}
  serializedVersion: 4
  m_Component:
  - 4: {fileID: 492390}
  m_Layer: 0
  m_Name: L_point1
  m_TagString: Untagged
  m_Icon: {fileID: 0}
  m_NavMeshLayer: 0
  m_StaticEditorFlags: 0
  m_IsActive: 1
--- !u!1 &138062
GameObject:
  m_ObjectHideFlags: 0
  m_PrefabParentObject: {fileID: 0}
  m_PrefabInternal: {fileID: 100100000}
  serializedVersion: 4
  m_Component:
  - 4: {fileID: 472264}
  m_Layer: 0
  m_Name: hips
  m_TagString: Untagged
  m_Icon: {fileID: 0}
  m_NavMeshLayer: 0
  m_StaticEditorFlags: 0
  m_IsActive: 1
--- !u!1 &138570
GameObject:
  m_ObjectHideFlags: 1
  m_PrefabParentObject: {fileID: 0}
  m_PrefabInternal: {fileID: 100100000}
  serializedVersion: 4
  m_Component:
  - 4: {fileID: 426314}
  m_Layer: 0
  m_Name: L_pink1
  m_TagString: Untagged
  m_Icon: {fileID: 0}
  m_NavMeshLayer: 0
  m_StaticEditorFlags: 0
  m_IsActive: 1
--- !u!1 &138864
GameObject:
  m_ObjectHideFlags: 1
  m_PrefabParentObject: {fileID: 0}
  m_PrefabInternal: {fileID: 100100000}
  serializedVersion: 4
  m_Component:
  - 4: {fileID: 494918}
  m_Layer: 0
  m_Name: L_wrist_Goal
  m_TagString: Untagged
  m_Icon: {fileID: 0}
  m_NavMeshLayer: 0
  m_StaticEditorFlags: 0
  m_IsActive: 1
--- !u!1 &139254
GameObject:
  m_ObjectHideFlags: 1
  m_PrefabParentObject: {fileID: 0}
  m_PrefabInternal: {fileID: 100100000}
  serializedVersion: 4
  m_Component:
  - 4: {fileID: 455120}
  m_Layer: 0
  m_Name: L_point2
  m_TagString: Untagged
  m_Icon: {fileID: 0}
  m_NavMeshLayer: 0
  m_StaticEditorFlags: 0
  m_IsActive: 1
--- !u!1 &140192
GameObject:
  m_ObjectHideFlags: 1
  m_PrefabParentObject: {fileID: 0}
  m_PrefabInternal: {fileID: 100100000}
  serializedVersion: 4
  m_Component:
  - 4: {fileID: 445838}
  m_Layer: 0
  m_Name: R_ring1
  m_TagString: Untagged
  m_Icon: {fileID: 0}
  m_NavMeshLayer: 0
  m_StaticEditorFlags: 0
  m_IsActive: 1
--- !u!1 &141226
GameObject:
  m_ObjectHideFlags: 0
  m_PrefabParentObject: {fileID: 0}
  m_PrefabInternal: {fileID: 100100000}
  serializedVersion: 4
  m_Component:
  - 4: {fileID: 402724}
  m_Layer: 0
  m_Name: Markers
  m_TagString: Untagged
  m_Icon: {fileID: 0}
  m_NavMeshLayer: 0
  m_StaticEditorFlags: 0
  m_IsActive: 1
--- !u!1 &141360
GameObject:
  m_ObjectHideFlags: 1
  m_PrefabParentObject: {fileID: 0}
  m_PrefabInternal: {fileID: 100100000}
  serializedVersion: 4
  m_Component:
  - 4: {fileID: 421426}
  m_Layer: 0
  m_Name: Joint_3_4_2
  m_TagString: Untagged
  m_Icon: {fileID: 0}
  m_NavMeshLayer: 0
  m_StaticEditorFlags: 0
  m_IsActive: 1
--- !u!1 &141868
GameObject:
  m_ObjectHideFlags: 1
  m_PrefabParentObject: {fileID: 0}
  m_PrefabInternal: {fileID: 100100000}
  serializedVersion: 4
  m_Component:
  - 4: {fileID: 407088}
  m_Layer: 0
  m_Name: R_FOOT
  m_TagString: Untagged
  m_Icon: {fileID: 0}
  m_NavMeshLayer: 0
  m_StaticEditorFlags: 0
  m_IsActive: 1
--- !u!1 &141908
GameObject:
  m_ObjectHideFlags: 1
  m_PrefabParentObject: {fileID: 0}
  m_PrefabInternal: {fileID: 100100000}
  serializedVersion: 4
  m_Component:
  - 4: {fileID: 417148}
  m_Layer: 0
  m_Name: L_ring2
  m_TagString: Untagged
  m_Icon: {fileID: 0}
  m_NavMeshLayer: 0
  m_StaticEditorFlags: 0
  m_IsActive: 1
--- !u!1 &142018
GameObject:
  m_ObjectHideFlags: 1
  m_PrefabParentObject: {fileID: 0}
  m_PrefabInternal: {fileID: 100100000}
  serializedVersion: 4
  m_Component:
  - 4: {fileID: 470008}
  m_Layer: 0
  m_Name: R_point2
  m_TagString: Untagged
  m_Icon: {fileID: 0}
  m_NavMeshLayer: 0
  m_StaticEditorFlags: 0
  m_IsActive: 1
--- !u!1 &143634
GameObject:
  m_ObjectHideFlags: 1
  m_PrefabParentObject: {fileID: 0}
  m_PrefabInternal: {fileID: 100100000}
  serializedVersion: 4
  m_Component:
  - 4: {fileID: 471114}
  m_Layer: 0
  m_Name: L_pink3
  m_TagString: Untagged
  m_Icon: {fileID: 0}
  m_NavMeshLayer: 0
  m_StaticEditorFlags: 0
  m_IsActive: 1
--- !u!1 &144934
GameObject:
  m_ObjectHideFlags: 1
  m_PrefabParentObject: {fileID: 0}
  m_PrefabInternal: {fileID: 100100000}
  serializedVersion: 4
  m_Component:
  - 4: {fileID: 403058}
  m_Layer: 0
  m_Name: head
  m_TagString: Untagged
  m_Icon: {fileID: 0}
  m_NavMeshLayer: 0
  m_StaticEditorFlags: 0
  m_IsActive: 1
--- !u!1 &148046
GameObject:
  m_ObjectHideFlags: 0
  m_PrefabParentObject: {fileID: 0}
  m_PrefabInternal: {fileID: 100100000}
  serializedVersion: 4
  m_Component:
  - 4: {fileID: 463984}
  m_Layer: 0
  m_Name: L_handconstrain
  m_TagString: Untagged
  m_Icon: {fileID: 0}
  m_NavMeshLayer: 0
  m_StaticEditorFlags: 0
  m_IsActive: 1
--- !u!1 &149002
GameObject:
  m_ObjectHideFlags: 1
  m_PrefabParentObject: {fileID: 0}
  m_PrefabInternal: {fileID: 100100000}
  serializedVersion: 4
  m_Component:
  - 4: {fileID: 411792}
  m_Layer: 0
  m_Name: L_point3
  m_TagString: Untagged
  m_Icon: {fileID: 0}
  m_NavMeshLayer: 0
  m_StaticEditorFlags: 0
  m_IsActive: 1
--- !u!1 &151644
GameObject:
  m_ObjectHideFlags: 1
  m_PrefabParentObject: {fileID: 0}
  m_PrefabInternal: {fileID: 100100000}
  serializedVersion: 4
  m_Component:
  - 4: {fileID: 419264}
  m_Layer: 0
  m_Name: R_arm_Pole
  m_TagString: Untagged
  m_Icon: {fileID: 0}
  m_NavMeshLayer: 0
  m_StaticEditorFlags: 0
  m_IsActive: 1
--- !u!1 &152056
GameObject:
  m_ObjectHideFlags: 1
  m_PrefabParentObject: {fileID: 0}
  m_PrefabInternal: {fileID: 100100000}
  serializedVersion: 4
  m_Component:
  - 4: {fileID: 420434}
  m_Layer: 0
  m_Name: R_pink1
  m_TagString: Untagged
  m_Icon: {fileID: 0}
  m_NavMeshLayer: 0
  m_StaticEditorFlags: 0
  m_IsActive: 1
--- !u!1 &152150
GameObject:
  m_ObjectHideFlags: 1
  m_PrefabParentObject: {fileID: 0}
  m_PrefabInternal: {fileID: 100100000}
  serializedVersion: 4
  m_Component:
  - 4: {fileID: 400890}
  m_Layer: 0
  m_Name: R_wrist_Goal
  m_TagString: Untagged
  m_Icon: {fileID: 0}
  m_NavMeshLayer: 0
  m_StaticEditorFlags: 0
  m_IsActive: 1
--- !u!1 &152172
GameObject:
  m_ObjectHideFlags: 1
  m_PrefabParentObject: {fileID: 0}
  m_PrefabInternal: {fileID: 100100000}
  serializedVersion: 4
  m_Component:
  - 4: {fileID: 478736}
  m_Layer: 0
  m_Name: R_middle2
  m_TagString: Untagged
  m_Icon: {fileID: 0}
  m_NavMeshLayer: 0
  m_StaticEditorFlags: 0
  m_IsActive: 1
--- !u!1 &155254
GameObject:
  m_ObjectHideFlags: 1
  m_PrefabParentObject: {fileID: 0}
  m_PrefabInternal: {fileID: 100100000}
  serializedVersion: 4
  m_Component:
  - 4: {fileID: 477668}
  m_Layer: 0
  m_Name: L_ankle_Goal
  m_TagString: Untagged
  m_Icon: {fileID: 0}
  m_NavMeshLayer: 0
  m_StaticEditorFlags: 0
  m_IsActive: 1
--- !u!1 &155956
GameObject:
  m_ObjectHideFlags: 1
  m_PrefabParentObject: {fileID: 0}
  m_PrefabInternal: {fileID: 100100000}
  serializedVersion: 4
  m_Component:
  - 4: {fileID: 493396}
  m_Layer: 0
  m_Name: L_wrist
  m_TagString: Untagged
  m_Icon: {fileID: 0}
  m_NavMeshLayer: 0
  m_StaticEditorFlags: 0
  m_IsActive: 1
--- !u!1 &157140
GameObject:
  m_ObjectHideFlags: 1
  m_PrefabParentObject: {fileID: 0}
  m_PrefabInternal: {fileID: 100100000}
  serializedVersion: 4
  m_Component:
  - 4: {fileID: 421002}
  m_Layer: 0
  m_Name: jaw
  m_TagString: Untagged
  m_Icon: {fileID: 0}
  m_NavMeshLayer: 0
  m_StaticEditorFlags: 0
  m_IsActive: 1
--- !u!1 &157328
GameObject:
  m_ObjectHideFlags: 1
  m_PrefabParentObject: {fileID: 0}
  m_PrefabInternal: {fileID: 100100000}
  serializedVersion: 4
  m_Component:
  - 4: {fileID: 441594}
  m_Layer: 0
  m_Name: Joint_3_3
  m_TagString: Untagged
  m_Icon: {fileID: 0}
  m_NavMeshLayer: 0
  m_StaticEditorFlags: 0
  m_IsActive: 1
--- !u!1 &157756
GameObject:
  m_ObjectHideFlags: 1
  m_PrefabParentObject: {fileID: 0}
  m_PrefabInternal: {fileID: 100100000}
  serializedVersion: 4
  m_Component:
  - 4: {fileID: 480334}
  m_Layer: 0
  m_Name: R_toes
  m_TagString: Untagged
  m_Icon: {fileID: 0}
  m_NavMeshLayer: 0
  m_StaticEditorFlags: 0
  m_IsActive: 1
--- !u!1 &158296
GameObject:
  m_ObjectHideFlags: 1
  m_PrefabParentObject: {fileID: 0}
  m_PrefabInternal: {fileID: 100100000}
  serializedVersion: 4
  m_Component:
  - 4: {fileID: 458382}
  m_Layer: 0
  m_Name: Joint_3_3_2
  m_TagString: Untagged
  m_Icon: {fileID: 0}
  m_NavMeshLayer: 0
  m_StaticEditorFlags: 0
  m_IsActive: 1
--- !u!1 &159046
GameObject:
  m_ObjectHideFlags: 1
  m_PrefabParentObject: {fileID: 0}
  m_PrefabInternal: {fileID: 100100000}
  serializedVersion: 4
  m_Component:
  - 4: {fileID: 451560}
  m_Layer: 0
  m_Name: R_pink3
  m_TagString: Untagged
  m_Icon: {fileID: 0}
  m_NavMeshLayer: 0
  m_StaticEditorFlags: 0
  m_IsActive: 1
--- !u!1 &159132
GameObject:
  m_ObjectHideFlags: 1
  m_PrefabParentObject: {fileID: 0}
  m_PrefabInternal: {fileID: 100100000}
  serializedVersion: 4
  m_Component:
  - 4: {fileID: 455488}
  m_Layer: 0
  m_Name: R_thumb3
  m_TagString: Untagged
  m_Icon: {fileID: 0}
  m_NavMeshLayer: 0
  m_StaticEditorFlags: 0
  m_IsActive: 1
--- !u!1 &160168
GameObject:
  m_ObjectHideFlags: 1
  m_PrefabParentObject: {fileID: 0}
  m_PrefabInternal: {fileID: 100100000}
  serializedVersion: 4
  m_Component:
  - 4: {fileID: 425072}
  m_Layer: 0
  m_Name: R_knee
  m_TagString: Untagged
  m_Icon: {fileID: 0}
  m_NavMeshLayer: 0
  m_StaticEditorFlags: 0
  m_IsActive: 1
--- !u!1 &160610
GameObject:
  m_ObjectHideFlags: 1
  m_PrefabParentObject: {fileID: 0}
  m_PrefabInternal: {fileID: 100100000}
  serializedVersion: 4
  m_Component:
  - 4: {fileID: 467578}
  m_Layer: 0
  m_Name: L_middle1
  m_TagString: Untagged
  m_Icon: {fileID: 0}
  m_NavMeshLayer: 0
  m_StaticEditorFlags: 0
  m_IsActive: 1
--- !u!1 &160652
GameObject:
  m_ObjectHideFlags: 1
  m_PrefabParentObject: {fileID: 0}
  m_PrefabInternal: {fileID: 100100000}
  serializedVersion: 4
  m_Component:
  - 4: {fileID: 411318}
  m_Layer: 0
  m_Name: R_point1
  m_TagString: Untagged
  m_Icon: {fileID: 0}
  m_NavMeshLayer: 0
  m_StaticEditorFlags: 0
  m_IsActive: 1
--- !u!1 &162744
GameObject:
  m_ObjectHideFlags: 1
  m_PrefabParentObject: {fileID: 0}
  m_PrefabInternal: {fileID: 100100000}
  serializedVersion: 4
  m_Component:
  - 4: {fileID: 487174}
  m_Layer: 0
  m_Name: L_thumb2
  m_TagString: Untagged
  m_Icon: {fileID: 0}
  m_NavMeshLayer: 0
  m_StaticEditorFlags: 0
  m_IsActive: 1
--- !u!1 &163922
GameObject:
  m_ObjectHideFlags: 1
  m_PrefabParentObject: {fileID: 0}
  m_PrefabInternal: {fileID: 100100000}
  serializedVersion: 4
  m_Component:
  - 4: {fileID: 413420}
  m_Layer: 0
  m_Name: R_pink2
  m_TagString: Untagged
  m_Icon: {fileID: 0}
  m_NavMeshLayer: 0
  m_StaticEditorFlags: 0
  m_IsActive: 1
--- !u!1 &164010
GameObject:
  m_ObjectHideFlags: 1
  m_PrefabParentObject: {fileID: 0}
  m_PrefabInternal: {fileID: 100100000}
  serializedVersion: 4
  m_Component:
  - 4: {fileID: 434502}
  m_Layer: 0
  m_Name: R_arm
  m_TagString: Untagged
  m_Icon: {fileID: 0}
  m_NavMeshLayer: 0
  m_StaticEditorFlags: 0
  m_IsActive: 1
--- !u!1 &164276
GameObject:
  m_ObjectHideFlags: 1
  m_PrefabParentObject: {fileID: 0}
  m_PrefabInternal: {fileID: 100100000}
  serializedVersion: 4
  m_Component:
  - 4: {fileID: 461440}
  m_Layer: 0
  m_Name: L_ankle
  m_TagString: Untagged
  m_Icon: {fileID: 0}
  m_NavMeshLayer: 0
  m_StaticEditorFlags: 0
  m_IsActive: 1
--- !u!1 &164726
GameObject:
  m_ObjectHideFlags: 1
  m_PrefabParentObject: {fileID: 0}
  m_PrefabInternal: {fileID: 100100000}
  serializedVersion: 4
  m_Component:
  - 4: {fileID: 458794}
  m_Layer: 0
  m_Name: L_foot
  m_TagString: Untagged
  m_Icon: {fileID: 0}
  m_NavMeshLayer: 0
  m_StaticEditorFlags: 0
  m_IsActive: 1
--- !u!1 &165544
GameObject:
  m_ObjectHideFlags: 1
  m_PrefabParentObject: {fileID: 0}
  m_PrefabInternal: {fileID: 100100000}
  serializedVersion: 4
  m_Component:
  - 4: {fileID: 484108}
  m_Layer: 0
  m_Name: L_middle2
  m_TagString: Untagged
  m_Icon: {fileID: 0}
  m_NavMeshLayer: 0
  m_StaticEditorFlags: 0
  m_IsActive: 1
--- !u!1 &166764
GameObject:
  m_ObjectHideFlags: 1
  m_PrefabParentObject: {fileID: 0}
  m_PrefabInternal: {fileID: 100100000}
  serializedVersion: 4
  m_Component:
  - 4: {fileID: 473666}
  m_Layer: 0
  m_Name: spinecontrol
  m_TagString: Untagged
  m_Icon: {fileID: 0}
  m_NavMeshLayer: 0
  m_StaticEditorFlags: 0
  m_IsActive: 1
--- !u!1 &168270
GameObject:
  m_ObjectHideFlags: 0
  m_PrefabParentObject: {fileID: 0}
  m_PrefabInternal: {fileID: 100100000}
  serializedVersion: 4
  m_Component:
  - 4: {fileID: 429206}
  - 137: {fileID: 13704826}
  m_Layer: 0
  m_Name: mesh_1
  m_TagString: Untagged
  m_Icon: {fileID: 0}
  m_NavMeshLayer: 0
  m_StaticEditorFlags: 0
  m_IsActive: 1
--- !u!1 &168412
GameObject:
  m_ObjectHideFlags: 1
  m_PrefabParentObject: {fileID: 0}
  m_PrefabInternal: {fileID: 100100000}
  serializedVersion: 4
  m_Component:
  - 4: {fileID: 447904}
  m_Layer: 0
  m_Name: R_ring2
  m_TagString: Untagged
  m_Icon: {fileID: 0}
  m_NavMeshLayer: 0
  m_StaticEditorFlags: 0
  m_IsActive: 1
--- !u!1 &169920
GameObject:
  m_ObjectHideFlags: 1
  m_PrefabParentObject: {fileID: 0}
  m_PrefabInternal: {fileID: 100100000}
  serializedVersion: 4
  m_Component:
  - 4: {fileID: 411648}
  m_Layer: 0
  m_Name: chest
  m_TagString: Untagged
  m_Icon: {fileID: 0}
  m_NavMeshLayer: 0
  m_StaticEditorFlags: 0
  m_IsActive: 1
--- !u!1 &170778
GameObject:
  m_ObjectHideFlags: 1
  m_PrefabParentObject: {fileID: 0}
  m_PrefabInternal: {fileID: 100100000}
  serializedVersion: 4
  m_Component:
  - 4: {fileID: 478548}
  m_Layer: 0
  m_Name: L_ring1
  m_TagString: Untagged
  m_Icon: {fileID: 0}
  m_NavMeshLayer: 0
  m_StaticEditorFlags: 0
  m_IsActive: 1
--- !u!1 &173600
GameObject:
  m_ObjectHideFlags: 1
  m_PrefabParentObject: {fileID: 0}
  m_PrefabInternal: {fileID: 100100000}
  serializedVersion: 4
  m_Component:
  - 4: {fileID: 452114}
  m_Layer: 0
  m_Name: Joint_3_2_3
  m_TagString: Untagged
  m_Icon: {fileID: 0}
  m_NavMeshLayer: 0
  m_StaticEditorFlags: 0
  m_IsActive: 1
--- !u!1 &174256
GameObject:
  m_ObjectHideFlags: 1
  m_PrefabParentObject: {fileID: 0}
  m_PrefabInternal: {fileID: 100100000}
  serializedVersion: 4
  m_Component:
  - 4: {fileID: 435318}
  m_Layer: 0
  m_Name: L_shoulder
  m_TagString: Untagged
  m_Icon: {fileID: 0}
  m_NavMeshLayer: 0
  m_StaticEditorFlags: 0
  m_IsActive: 1
--- !u!1 &176680
GameObject:
  m_ObjectHideFlags: 1
  m_PrefabParentObject: {fileID: 0}
  m_PrefabInternal: {fileID: 100100000}
  serializedVersion: 4
  m_Component:
  - 4: {fileID: 486624}
  m_Layer: 0
  m_Name: Joint_3
  m_TagString: Untagged
  m_Icon: {fileID: 0}
  m_NavMeshLayer: 0
  m_StaticEditorFlags: 0
  m_IsActive: 1
--- !u!1 &177512
GameObject:
  m_ObjectHideFlags: 1
  m_PrefabParentObject: {fileID: 0}
  m_PrefabInternal: {fileID: 100100000}
  serializedVersion: 4
  m_Component:
  - 4: {fileID: 475202}
  m_Layer: 0
  m_Name: L_pink2
  m_TagString: Untagged
  m_Icon: {fileID: 0}
  m_NavMeshLayer: 0
  m_StaticEditorFlags: 0
  m_IsActive: 1
--- !u!1 &179592
GameObject:
  m_ObjectHideFlags: 1
  m_PrefabParentObject: {fileID: 0}
  m_PrefabInternal: {fileID: 100100000}
  serializedVersion: 4
  m_Component:
  - 4: {fileID: 456348}
  m_Layer: 0
  m_Name: L_ring3
  m_TagString: Untagged
  m_Icon: {fileID: 0}
  m_NavMeshLayer: 0
  m_StaticEditorFlags: 0
  m_IsActive: 1
--- !u!1 &181208
GameObject:
  m_ObjectHideFlags: 1
  m_PrefabParentObject: {fileID: 0}
  m_PrefabInternal: {fileID: 100100000}
  serializedVersion: 4
  m_Component:
  - 4: {fileID: 478470}
  m_Layer: 0
  m_Name: L_FOOT
  m_TagString: Untagged
  m_Icon: {fileID: 0}
  m_NavMeshLayer: 0
  m_StaticEditorFlags: 0
  m_IsActive: 1
--- !u!1 &181666
GameObject:
  m_ObjectHideFlags: 1
  m_PrefabParentObject: {fileID: 0}
  m_PrefabInternal: {fileID: 100100000}
  serializedVersion: 4
  m_Component:
  - 4: {fileID: 445712}
  - 212: {fileID: 21246218}
  m_Layer: 10
  m_Name: EnemyMarker
  m_TagString: Untagged
  m_Icon: {fileID: 0}
  m_NavMeshLayer: 0
  m_StaticEditorFlags: 0
  m_IsActive: 1
--- !u!1 &185556
GameObject:
  m_ObjectHideFlags: 1
  m_PrefabParentObject: {fileID: 0}
  m_PrefabInternal: {fileID: 100100000}
  serializedVersion: 4
  m_Component:
  - 4: {fileID: 401466}
  m_Layer: 0
  m_Name: Joint_3_2
  m_TagString: Untagged
  m_Icon: {fileID: 0}
  m_NavMeshLayer: 0
  m_StaticEditorFlags: 0
  m_IsActive: 1
--- !u!1 &185620
GameObject:
  m_ObjectHideFlags: 1
  m_PrefabParentObject: {fileID: 0}
  m_PrefabInternal: {fileID: 100100000}
  serializedVersion: 4
  m_Component:
  - 4: {fileID: 441144}
  m_Layer: 0
  m_Name: R_foot
  m_TagString: Untagged
  m_Icon: {fileID: 0}
  m_NavMeshLayer: 0
  m_StaticEditorFlags: 0
  m_IsActive: 1
--- !u!1 &185638
GameObject:
  m_ObjectHideFlags: 0
  m_PrefabParentObject: {fileID: 0}
  m_PrefabInternal: {fileID: 100100000}
  serializedVersion: 4
  m_Component:
  - 4: {fileID: 468928}
  m_Layer: 0
  m_Name: R_handconstrain
  m_TagString: Untagged
  m_Icon: {fileID: 0}
  m_NavMeshLayer: 0
  m_StaticEditorFlags: 0
  m_IsActive: 1
--- !u!1 &186094
GameObject:
  m_ObjectHideFlags: 1
  m_PrefabParentObject: {fileID: 0}
  m_PrefabInternal: {fileID: 100100000}
  serializedVersion: 4
  m_Component:
  - 4: {fileID: 468612}
  m_Layer: 0
  m_Name: headcontrol
  m_TagString: Untagged
  m_Icon: {fileID: 0}
  m_NavMeshLayer: 0
  m_StaticEditorFlags: 0
  m_IsActive: 1
--- !u!1 &187300
GameObject:
  m_ObjectHideFlags: 1
  m_PrefabParentObject: {fileID: 0}
  m_PrefabInternal: {fileID: 100100000}
  serializedVersion: 4
  m_Component:
  - 4: {fileID: 467122}
  m_Layer: 0
  m_Name: R_arm_Goal
  m_TagString: Untagged
  m_Icon: {fileID: 0}
  m_NavMeshLayer: 0
  m_StaticEditorFlags: 0
  m_IsActive: 1
--- !u!1 &187752
GameObject:
  m_ObjectHideFlags: 0
  m_PrefabParentObject: {fileID: 0}
  m_PrefabInternal: {fileID: 100100000}
  serializedVersion: 4
  m_Component:
  - 4: {fileID: 405492}
  - 95: {fileID: 9532796}
  - 135: {fileID: 13538826}
  - 195: {fileID: 19502690}
  - 65: {fileID: 6509484}
  - 114: {fileID: 11443634}
  - 114: {fileID: 11488388}
  - 114: {fileID: 11450672}
  - 114: {fileID: 11483978}
  - 114: {fileID: 11421178}
  - 114: {fileID: 11447602}
  - 114: {fileID: 11424884}
  - 114: {fileID: 11493732}
  m_Layer: 0
  m_Name: Rankor
  m_TagString: Enemy
  m_Icon: {fileID: 0}
  m_NavMeshLayer: 0
  m_StaticEditorFlags: 0
  m_IsActive: 1
--- !u!1 &188704
GameObject:
  m_ObjectHideFlags: 1
  m_PrefabParentObject: {fileID: 0}
  m_PrefabInternal: {fileID: 100100000}
  serializedVersion: 4
  m_Component:
  - 4: {fileID: 408398}
  m_Layer: 0
  m_Name: L_arm
  m_TagString: Untagged
  m_Icon: {fileID: 0}
  m_NavMeshLayer: 0
  m_StaticEditorFlags: 0
  m_IsActive: 1
--- !u!1 &190726
GameObject:
  m_ObjectHideFlags: 1
  m_PrefabParentObject: {fileID: 0}
  m_PrefabInternal: {fileID: 100100000}
  serializedVersion: 4
  m_Component:
  - 4: {fileID: 411268}
  m_Layer: 0
  m_Name: L_eye
  m_TagString: Untagged
  m_Icon: {fileID: 0}
  m_NavMeshLayer: 0
  m_StaticEditorFlags: 0
  m_IsActive: 1
--- !u!1 &192504
GameObject:
  m_ObjectHideFlags: 1
  m_PrefabParentObject: {fileID: 0}
  m_PrefabInternal: {fileID: 100100000}
  serializedVersion: 4
  m_Component:
  - 4: {fileID: 466858}
  m_Layer: 0
  m_Name: L_elbow
  m_TagString: Untagged
  m_Icon: {fileID: 0}
  m_NavMeshLayer: 0
  m_StaticEditorFlags: 0
  m_IsActive: 1
--- !u!1 &195066
GameObject:
  m_ObjectHideFlags: 1
  m_PrefabParentObject: {fileID: 0}
  m_PrefabInternal: {fileID: 100100000}
  serializedVersion: 4
  m_Component:
  - 4: {fileID: 443148}
  m_Layer: 0
  m_Name: L_toes
  m_TagString: Untagged
  m_Icon: {fileID: 0}
  m_NavMeshLayer: 0
  m_StaticEditorFlags: 0
  m_IsActive: 1
--- !u!1 &195654
GameObject:
  m_ObjectHideFlags: 1
  m_PrefabParentObject: {fileID: 0}
  m_PrefabInternal: {fileID: 100100000}
  serializedVersion: 4
  m_Component:
  - 4: {fileID: 463912}
  m_Layer: 0
  m_Name: neck
  m_TagString: Untagged
  m_Icon: {fileID: 0}
  m_NavMeshLayer: 0
  m_StaticEditorFlags: 0
  m_IsActive: 1
--- !u!1 &195940
GameObject:
  m_ObjectHideFlags: 0
  m_PrefabParentObject: {fileID: 0}
  m_PrefabInternal: {fileID: 100100000}
  serializedVersion: 4
  m_Component:
  - 4: {fileID: 456412}
  - 135: {fileID: 13554156}
  - 114: {fileID: 11432034}
  m_Layer: 8
  m_Name: InRangeCheck
  m_TagString: Untagged
  m_Icon: {fileID: 0}
  m_NavMeshLayer: 0
  m_StaticEditorFlags: 0
  m_IsActive: 1
--- !u!1 &195978
GameObject:
  m_ObjectHideFlags: 1
  m_PrefabParentObject: {fileID: 0}
  m_PrefabInternal: {fileID: 100100000}
  serializedVersion: 4
  m_Component:
  - 4: {fileID: 461840}
  m_Layer: 0
  m_Name: spine
  m_TagString: Untagged
  m_Icon: {fileID: 0}
  m_NavMeshLayer: 0
  m_StaticEditorFlags: 0
  m_IsActive: 1
--- !u!1 &196640
GameObject:
  m_ObjectHideFlags: 1
  m_PrefabParentObject: {fileID: 0}
  m_PrefabInternal: {fileID: 100100000}
  serializedVersion: 4
  m_Component:
  - 4: {fileID: 424130}
  m_Layer: 0
  m_Name: Joint_3_5
  m_TagString: Untagged
  m_Icon: {fileID: 0}
  m_NavMeshLayer: 0
  m_StaticEditorFlags: 0
  m_IsActive: 1
--- !u!1 &197730
GameObject:
  m_ObjectHideFlags: 1
  m_PrefabParentObject: {fileID: 0}
  m_PrefabInternal: {fileID: 100100000}
  serializedVersion: 4
  m_Component:
  - 4: {fileID: 442776}
  m_Layer: 0
  m_Name: R_shoulder
  m_TagString: Untagged
  m_Icon: {fileID: 0}
  m_NavMeshLayer: 0
  m_StaticEditorFlags: 0
  m_IsActive: 1
--- !u!1 &198170
GameObject:
  m_ObjectHideFlags: 1
  m_PrefabParentObject: {fileID: 0}
  m_PrefabInternal: {fileID: 100100000}
  serializedVersion: 4
  m_Component:
  - 4: {fileID: 428214}
  m_Layer: 0
  m_Name: tip
  m_TagString: Untagged
  m_Icon: {fileID: 0}
  m_NavMeshLayer: 0
  m_StaticEditorFlags: 0
  m_IsActive: 1
--- !u!1 &199996
GameObject:
  m_ObjectHideFlags: 1
  m_PrefabParentObject: {fileID: 0}
  m_PrefabInternal: {fileID: 100100000}
  serializedVersion: 4
  m_Component:
  - 4: {fileID: 490082}
  m_Layer: 0
  m_Name: Joint_3_5_2
  m_TagString: Untagged
  m_Icon: {fileID: 0}
  m_NavMeshLayer: 0
  m_StaticEditorFlags: 0
  m_IsActive: 1
--- !u!4 &400448
Transform:
  m_ObjectHideFlags: 1
  m_PrefabParentObject: {fileID: 0}
  m_PrefabInternal: {fileID: 100100000}
  m_GameObject: {fileID: 135100}
  m_LocalRotation: {x: 0, y: 0, z: 0, w: 1}
  m_LocalPosition: {x: 0, y: 0, z: 0}
  m_LocalScale: {x: 1, y: 1, z: 1}
  m_Children:
  - {fileID: 478470}
  - {fileID: 468502}
  - {fileID: 407088}
  - {fileID: 401720}
  m_Father: {fileID: 405492}
  m_RootOrder: 0
--- !u!4 &400890
Transform:
  m_ObjectHideFlags: 1
  m_PrefabParentObject: {fileID: 0}
  m_PrefabInternal: {fileID: 100100000}
  m_GameObject: {fileID: 152150}
  m_LocalRotation: {x: 0.842241, y: 0.25863442, z: 0.032595057, w: 0.4718856}
  m_LocalPosition: {x: -0.15425995, y: 1.2373515, z: -0.4023827}
  m_LocalScale: {x: 1, y: 1, z: 1}
  m_Children: []
  m_Father: {fileID: 467122}
  m_RootOrder: 1
--- !u!4 &401466
Transform:
  m_ObjectHideFlags: 1
  m_PrefabParentObject: {fileID: 0}
  m_PrefabInternal: {fileID: 100100000}
  m_GameObject: {fileID: 185556}
  m_LocalRotation: {x: 6.133982e-15, y: -3.9690473e-15, z: 8.326673e-17, w: 1}
  m_LocalPosition: {x: 5.684342e-16, y: 8.5265126e-16, z: -0.053865366}
  m_LocalScale: {x: 1, y: 1, z: 1}
  m_Children: []
  m_Father: {fileID: 471114}
  m_RootOrder: 0
--- !u!4 &401720
Transform:
  m_ObjectHideFlags: 1
  m_PrefabParentObject: {fileID: 0}
  m_PrefabInternal: {fileID: 100100000}
  m_GameObject: {fileID: 118376}
  m_LocalRotation: {x: -0.047854587, y: 0.588001, z: 0.80726427, w: -0.017004022}
  m_LocalPosition: {x: 0.5120008, y: 0.7468373, z: 0.6038061}
  m_LocalScale: {x: 1, y: 1, z: 1}
  m_Children: []
  m_Father: {fileID: 400448}
  m_RootOrder: 3
--- !u!4 &402724
Transform:
  m_ObjectHideFlags: 1
  m_PrefabParentObject: {fileID: 0}
  m_PrefabInternal: {fileID: 100100000}
  m_GameObject: {fileID: 141226}
  m_LocalRotation: {x: 0.7071068, y: 0, z: 0, w: 0.7071067}
  m_LocalPosition: {x: 0, y: 40, z: 0}
  m_LocalScale: {x: 1, y: 1, z: 1}
  m_Children:
  - {fileID: 445712}
  m_Father: {fileID: 405492}
  m_RootOrder: 7
--- !u!4 &403058
Transform:
  m_ObjectHideFlags: 1
  m_PrefabParentObject: {fileID: 0}
  m_PrefabInternal: {fileID: 100100000}
  m_GameObject: {fileID: 144934}
  m_LocalRotation: {x: 0.077991985, y: -0.14012711, z: -0.08190698, w: 0.98365283}
  m_LocalPosition: {x: -8.246353e-11, y: 2.842171e-16, z: -0.19553325}
  m_LocalScale: {x: 1, y: 1, z: 1}
  m_Children:
  - {fileID: 421002}
  - {fileID: 411268}
  - {fileID: 434662}
  - {fileID: 428214}
  m_Father: {fileID: 463912}
  m_RootOrder: 0
--- !u!4 &405112
Transform:
  m_ObjectHideFlags: 1
  m_PrefabParentObject: {fileID: 0}
  m_PrefabInternal: {fileID: 100100000}
  m_GameObject: {fileID: 137228}
  m_LocalRotation: {x: 0.09411877, y: 0.15781236, z: -0.015112168, w: 0.98285735}
  m_LocalPosition: {x: 3.5527135e-16, y: -1.4210854e-16, z: -0.106983356}
  m_LocalScale: {x: 1, y: 1, z: 1}
  m_Children:
  - {fileID: 487174}
  m_Father: {fileID: 493396}
  m_RootOrder: 4
--- !u!4 &405492
Transform:
  m_ObjectHideFlags: 1
  m_PrefabParentObject: {fileID: 0}
  m_PrefabInternal: {fileID: 100100000}
  m_GameObject: {fileID: 187752}
  m_LocalRotation: {x: 0, y: 0, z: 0, w: 1}
  m_LocalPosition: {x: -99.29849, y: 67.32321, z: -53.473656}
  m_LocalScale: {x: 1.5024563, y: 1.5024565, z: 1.5024565}
  m_Children:
  - {fileID: 400448}
  - {fileID: 496038}
  - {fileID: 472264}
  - {fileID: 463984}
  - {fileID: 429206}
  - {fileID: 468928}
  - {fileID: 456412}
  - {fileID: 402724}
  m_Father: {fileID: 0}
  m_RootOrder: 0
--- !u!4 &406196
Transform:
  m_ObjectHideFlags: 1
  m_PrefabParentObject: {fileID: 0}
  m_PrefabInternal: {fileID: 100100000}
  m_GameObject: {fileID: 122956}
  m_LocalRotation: {x: 0.14589041, y: 0.11941968, z: 0.06347742, w: 0.9800131}
  m_LocalPosition: {x: 9.237055e-16, y: 3.5527136e-17, z: -0.104673475}
  m_LocalScale: {x: 1, y: 1, z: 1}
  m_Children:
  - {fileID: 486624}
  m_Father: {fileID: 487174}
  m_RootOrder: 0
--- !u!4 &407088
Transform:
  m_ObjectHideFlags: 1
  m_PrefabParentObject: {fileID: 0}
  m_PrefabInternal: {fileID: 100100000}
  m_GameObject: {fileID: 141868}
  m_LocalRotation: {x: 0, y: 0, z: 0, w: 1}
  m_LocalPosition: {x: 0.38072643, y: 0.23884328, z: -0.21343458}
  m_LocalScale: {x: 1, y: 1, z: 1}
  m_Children:
  - {fileID: 497766}
  m_Father: {fileID: 400448}
  m_RootOrder: 2
--- !u!4 &408398
Transform:
  m_ObjectHideFlags: 1
  m_PrefabParentObject: {fileID: 0}
  m_PrefabInternal: {fileID: 100100000}
  m_GameObject: {fileID: 188704}
  m_LocalRotation: {x: -0.30300573, y: 0.24344778, z: 0.2229618, w: 0.89398474}
  m_LocalPosition: {x: -7.105427e-17, y: -2.842171e-16, z: -0.26542786}
  m_LocalScale: {x: 1, y: 1, z: 1}
  m_Children:
  - {fileID: 466858}
  m_Father: {fileID: 435318}
  m_RootOrder: 0
--- !u!4 &409166
Transform:
  m_ObjectHideFlags: 1
  m_PrefabParentObject: {fileID: 0}
  m_PrefabInternal: {fileID: 100100000}
  m_GameObject: {fileID: 123140}
  m_LocalRotation: {x: 0.07046443, y: -0.23226392, z: 0.00041219147, w: 0.97009695}
  m_LocalPosition: {x: 0.1294983, y: -0.16434377, z: -0.22749916}
  m_LocalScale: {x: 1, y: 1, z: 1}
  m_Children:
  - {fileID: 478736}
  m_Father: {fileID: 477740}
  m_RootOrder: 0
--- !u!4 &411268
Transform:
  m_ObjectHideFlags: 1
  m_PrefabParentObject: {fileID: 0}
  m_PrefabInternal: {fileID: 100100000}
  m_GameObject: {fileID: 190726}
  m_LocalRotation: {x: 0.9527138, y: -0.000000015711382, z: -0.000000009277448, w: -0.30386904}
  m_LocalPosition: {x: -0.09572057, y: 0.16163915, z: -0.25812638}
  m_LocalScale: {x: 1, y: 1, z: 1}
  m_Children: []
  m_Father: {fileID: 403058}
  m_RootOrder: 1
--- !u!4 &411318
Transform:
  m_ObjectHideFlags: 1
  m_PrefabParentObject: {fileID: 0}
  m_PrefabInternal: {fileID: 100100000}
  m_GameObject: {fileID: 160652}
  m_LocalRotation: {x: -0.010019967, y: -0.2727887, z: -0.0014222895, w: 0.96202075}
  m_LocalPosition: {x: 0.049148068, y: -0.1687421, z: -0.28002357}
  m_LocalScale: {x: 1, y: 1, z: 1}
  m_Children:
  - {fileID: 470008}
  m_Father: {fileID: 477740}
  m_RootOrder: 2
--- !u!4 &411648
Transform:
  m_ObjectHideFlags: 1
  m_PrefabParentObject: {fileID: 0}
  m_PrefabInternal: {fileID: 100100000}
  m_GameObject: {fileID: 169920}
  m_LocalRotation: {x: 0.29503334, y: -0.00091983087, z: -0.04284521, w: 0.9545254}
  m_LocalPosition: {x: 6.128431e-16, y: -1.2434498e-15, z: -0.39172682}
  m_LocalScale: {x: 1, y: 1, z: 1}
  m_Children:
  - {fileID: 435318}
  - {fileID: 463912}
  - {fileID: 442776}
  m_Father: {fileID: 461840}
  m_RootOrder: 0
--- !u!4 &411792
Transform:
  m_ObjectHideFlags: 1
  m_PrefabParentObject: {fileID: 0}
  m_PrefabInternal: {fileID: 100100000}
  m_GameObject: {fileID: 149002}
  m_LocalRotation: {x: -0.068025, y: -0.017201621, z: -0.0011730322, w: 0.99753463}
  m_LocalPosition: {x: 2.842171e-16, y: -2.842171e-16, z: -0.07520899}
  m_LocalScale: {x: 1, y: 1, z: 1}
  m_Children:
  - {fileID: 424130}
  m_Father: {fileID: 455120}
  m_RootOrder: 0
--- !u!4 &413420
Transform:
  m_ObjectHideFlags: 1
  m_PrefabParentObject: {fileID: 0}
  m_PrefabInternal: {fileID: 100100000}
  m_GameObject: {fileID: 163922}
  m_LocalRotation: {x: 0.24492231, y: 0.22445092, z: -0.03653338, w: 0.9424968}
  m_LocalPosition: {x: -5.684342e-16, y: 3.3528735e-16, z: -0.07571075}
  m_LocalScale: {x: 1, y: 1, z: 1}
  m_Children:
  - {fileID: 451560}
  m_Father: {fileID: 420434}
  m_RootOrder: 0
--- !u!4 &414568
Transform:
  m_ObjectHideFlags: 1
  m_PrefabParentObject: {fileID: 0}
  m_PrefabInternal: {fileID: 100100000}
  m_GameObject: {fileID: 106228}
  m_LocalRotation: {x: -0.02401784, y: 0.98415935, z: 0.047192957, w: 0.16919315}
  m_LocalPosition: {x: -0.20073865, y: 0.037015818, z: 0.011857979}
  m_LocalScale: {x: 1, y: 1, z: 1}
  m_Children:
  - {fileID: 477434}
  m_Father: {fileID: 472264}
  m_RootOrder: 0
--- !u!4 &416738
Transform:
  m_ObjectHideFlags: 1
  m_PrefabParentObject: {fileID: 0}
  m_PrefabInternal: {fileID: 100100000}
  m_GameObject: {fileID: 109028}
  m_LocalRotation: {x: -1.7208457e-15, y: 3.8857806e-15, z: 6.686829e-30, w: 1}
  m_LocalPosition: {x: -5.32907e-16, y: -4.973799e-16, z: -0.06692915}
  m_LocalScale: {x: 1, y: 1, z: 1}
  m_Children: []
  m_Father: {fileID: 432740}
  m_RootOrder: 0
--- !u!4 &417148
Transform:
  m_ObjectHideFlags: 1
  m_PrefabParentObject: {fileID: 0}
  m_PrefabInternal: {fileID: 100100000}
  m_GameObject: {fileID: 141908}
  m_LocalRotation: {x: -0.2867206, y: 0.103983484, z: 0.014613449, w: 0.9522422}
  m_LocalPosition: {x: 3.5527135e-16, y: -6.750156e-16, z: -0.11137283}
  m_LocalScale: {x: 1, y: 1, z: 1}
  m_Children:
  - {fileID: 456348}
  m_Father: {fileID: 478548}
  m_RootOrder: 0
--- !u!4 &417276
Transform:
  m_ObjectHideFlags: 1
  m_PrefabParentObject: {fileID: 0}
  m_PrefabInternal: {fileID: 100100000}
  m_GameObject: {fileID: 134452}
  m_LocalRotation: {x: 0.13411283, y: 0.006559205, z: -0.048407406, w: 0.9897613}
  m_LocalPosition: {x: -0.0000000010328969, y: -0.00915032, z: -0.39161995}
  m_LocalScale: {x: 1, y: 1, z: 1}
  m_Children:
  - {fileID: 460020}
  - {fileID: 480578}
  - {fileID: 467122}
  m_Father: {fileID: 473666}
  m_RootOrder: 0
--- !u!4 &419264
Transform:
  m_ObjectHideFlags: 1
  m_PrefabParentObject: {fileID: 0}
  m_PrefabInternal: {fileID: 100100000}
  m_GameObject: {fileID: 151644}
  m_LocalRotation: {x: 0.0009804051, y: 0.25819933, z: -0.00026202493, w: 0.96609116}
  m_LocalPosition: {x: 0.94700843, y: 0.020670578, z: -0.26373863}
  m_LocalScale: {x: 1, y: 1, z: 1}
  m_Children: []
  m_Father: {fileID: 467122}
  m_RootOrder: 0
--- !u!4 &420434
Transform:
  m_ObjectHideFlags: 1
  m_PrefabParentObject: {fileID: 0}
  m_PrefabInternal: {fileID: 100100000}
  m_GameObject: {fileID: 152056}
  m_LocalRotation: {x: 0.13034691, y: -0.38342175, z: 0.03496453, w: 0.91366017}
  m_LocalPosition: {x: 0.24660657, y: -0.071027905, z: -0.16556391}
  m_LocalScale: {x: 1, y: 1, z: 1}
  m_Children:
  - {fileID: 413420}
  m_Father: {fileID: 477740}
  m_RootOrder: 1
--- !u!4 &421002
Transform:
  m_ObjectHideFlags: 1
  m_PrefabParentObject: {fileID: 0}
  m_PrefabInternal: {fileID: 100100000}
  m_GameObject: {fileID: 157140}
  m_LocalRotation: {x: 0.021188013, y: -0.41195795, z: 0.91090614, w: -0.009582234}
  m_LocalPosition: {x: -0.0000000049074393, y: 0.17390218, z: 0.038390446}
  m_LocalScale: {x: 1, y: 1, z: 1}
  m_Children:
  - {fileID: 425900}
  m_Father: {fileID: 403058}
  m_RootOrder: 0
--- !u!4 &421426
Transform:
  m_ObjectHideFlags: 1
  m_PrefabParentObject: {fileID: 0}
  m_PrefabInternal: {fileID: 100100000}
  m_GameObject: {fileID: 141360}
  m_LocalRotation: {x: 1.637579e-15, y: 1.8596236e-15, z: -1.9428903e-16, w: 1}
  m_LocalPosition: {x: -5.8619773e-16, y: 4.2632563e-16, z: -0.06692915}
  m_LocalScale: {x: 1, y: 1, z: 1}
  m_Children: []
  m_Father: {fileID: 491148}
  m_RootOrder: 0
--- !u!4 &424130
Transform:
  m_ObjectHideFlags: 1
  m_PrefabParentObject: {fileID: 0}
  m_PrefabInternal: {fileID: 100100000}
  m_GameObject: {fileID: 196640}
  m_LocalRotation: {x: -2.1094237e-15, y: 1.110223e-15, z: -2.7755576e-17, w: 1}
  m_LocalPosition: {x: 1.7763568e-17, y: -2.842171e-16, z: -0.070266694}
  m_LocalScale: {x: 1, y: 1, z: 1}
  m_Children: []
  m_Father: {fileID: 411792}
  m_RootOrder: 0
--- !u!4 &425072
Transform:
  m_ObjectHideFlags: 1
  m_PrefabParentObject: {fileID: 0}
  m_PrefabInternal: {fileID: 100100000}
  m_GameObject: {fileID: 160168}
  m_LocalRotation: {x: -0.13002115, y: -0.04805991, z: -0.03771542, w: 0.98962736}
  m_LocalPosition: {x: 0.0007272263, y: 0.036585636, z: -0.6156545}
  m_LocalScale: {x: 1, y: 1, z: 1}
  m_Children:
  - {fileID: 431964}
  m_Father: {fileID: 437190}
  m_RootOrder: 0
--- !u!4 &425900
Transform:
  m_ObjectHideFlags: 1
  m_PrefabParentObject: {fileID: 0}
  m_PrefabInternal: {fileID: 100100000}
  m_GameObject: {fileID: 133528}
  m_LocalRotation: {x: -0.008660629, y: -1.1059747e-16, z: -4.953196e-17, w: 0.9999625}
  m_LocalPosition: {x: -7.105427e-17, y: -0.0035987406, z: -0.20774099}
  m_LocalScale: {x: 1, y: 1, z: 1}
  m_Children: []
  m_Father: {fileID: 421002}
  m_RootOrder: 0
--- !u!4 &426314
Transform:
  m_ObjectHideFlags: 1
  m_PrefabParentObject: {fileID: 0}
  m_PrefabInternal: {fileID: 100100000}
  m_GameObject: {fileID: 138570}
  m_LocalRotation: {x: -0.023370689, y: -0.33716762, z: 0.08454512, w: 0.93734944}
  m_LocalPosition: {x: 0.24232511, y: 0.084488496, z: -0.16556391}
  m_LocalScale: {x: 1, y: 1, z: 1}
  m_Children:
  - {fileID: 475202}
  m_Father: {fileID: 493396}
  m_RootOrder: 1
--- !u!4 &428214
Transform:
  m_ObjectHideFlags: 1
  m_PrefabParentObject: {fileID: 0}
  m_PrefabInternal: {fileID: 100100000}
  m_GameObject: {fileID: 198170}
  m_LocalRotation: {x: 5.551115e-17, y: -6.0623173e-12, z: -1.3877788e-17, w: 1}
  m_LocalPosition: {x: 3.6321523e-12, y: 0, z: -0.2995704}
  m_LocalScale: {x: 1, y: 1, z: 1}
  m_Children: []
  m_Father: {fileID: 403058}
  m_RootOrder: 3
--- !u!4 &428312
Transform:
  m_ObjectHideFlags: 1
  m_PrefabParentObject: {fileID: 0}
  m_PrefabInternal: {fileID: 100100000}
  m_GameObject: {fileID: 110898}
  m_LocalRotation: {x: 0.06574006, y: 0.03355125, z: -0.0022116988, w: 0.9972701}
  m_LocalPosition: {x: -2.842171e-16, y: 7.81597e-16, z: -0.08609111}
  m_LocalScale: {x: 1, y: 1, z: 1}
  m_Children:
  - {fileID: 458382}
  m_Father: {fileID: 447904}
  m_RootOrder: 0
--- !u!4 &429206
Transform:
  m_ObjectHideFlags: 1
  m_PrefabParentObject: {fileID: 0}
  m_PrefabInternal: {fileID: 100100000}
  m_GameObject: {fileID: 168270}
  m_LocalRotation: {x: -0.008750716, y: 0.0015919898, z: 0.010849352, w: 0.9999016}
  m_LocalPosition: {x: 0, y: 0, z: 0}
  m_LocalScale: {x: 1, y: 1, z: 1}
  m_Children: []
  m_Father: {fileID: 405492}
  m_RootOrder: 4
--- !u!4 &430310
Transform:
  m_ObjectHideFlags: 1
  m_PrefabParentObject: {fileID: 0}
  m_PrefabInternal: {fileID: 100100000}
  m_GameObject: {fileID: 108408}
  m_LocalRotation: {x: -4.0106807e-15, y: 2.4980018e-15, z: -3.1918912e-16, w: 1}
  m_LocalPosition: {x: -4.2632563e-16, y: -4.2632563e-16, z: -0.076905295}
  m_LocalScale: {x: 1, y: 1, z: 1}
  m_Children: []
  m_Father: {fileID: 455488}
  m_RootOrder: 0
--- !u!4 &430802
Transform:
  m_ObjectHideFlags: 1
  m_PrefabParentObject: {fileID: 0}
  m_PrefabInternal: {fileID: 100100000}
  m_GameObject: {fileID: 119778}
  m_LocalRotation: {x: 0.068796955, y: -0.013794034, z: 0.0009513327, w: 0.9975349}
  m_LocalPosition: {x: -7.4606985e-16, y: 7.81597e-16, z: -0.07520899}
  m_LocalScale: {x: 1, y: 1, z: 1}
  m_Children:
  - {fileID: 490082}
  m_Father: {fileID: 470008}
  m_RootOrder: 0
--- !u!4 &431964
Transform:
  m_ObjectHideFlags: 1
  m_PrefabParentObject: {fileID: 0}
  m_PrefabInternal: {fileID: 100100000}
  m_GameObject: {fileID: 125730}
  m_LocalRotation: {x: 0.5611703, y: -0.020188073, z: 0.15710972, w: 0.81240195}
  m_LocalPosition: {x: 0.0068806503, y: -0.009351913, z: -0.60950077}
  m_LocalScale: {x: 1, y: 1, z: 1}
  m_Children:
  - {fileID: 441144}
  m_Father: {fileID: 425072}
  m_RootOrder: 0
--- !u!4 &432740
Transform:
  m_ObjectHideFlags: 1
  m_PrefabParentObject: {fileID: 0}
  m_PrefabInternal: {fileID: 100100000}
  m_GameObject: {fileID: 123270}
  m_LocalRotation: {x: -0.025978217, y: 0.026098214, z: 0.0006784528, w: 0.9993216}
  m_LocalPosition: {x: 8.8817837e-17, y: -2.842171e-16, z: -0.086035386}
  m_LocalScale: {x: 1, y: 1, z: 1}
  m_Children:
  - {fileID: 416738}
  m_Father: {fileID: 484108}
  m_RootOrder: 0
--- !u!4 &433792
Transform:
  m_ObjectHideFlags: 1
  m_PrefabParentObject: {fileID: 0}
  m_PrefabInternal: {fileID: 100100000}
  m_GameObject: {fileID: 100950}
  m_LocalRotation: {x: -0.016599406, y: -0.19491386, z: -0.0032992137, w: 0.9806743}
  m_LocalPosition: {x: -1.2789769e-15, y: -2.842171e-16, z: -0.1522184}
  m_LocalScale: {x: 1, y: 1, z: 1}
  m_Children:
  - {fileID: 455488}
  m_Father: {fileID: 468534}
  m_RootOrder: 0
--- !u!4 &433808
Transform:
  m_ObjectHideFlags: 1
  m_PrefabParentObject: {fileID: 0}
  m_PrefabInternal: {fileID: 100100000}
  m_GameObject: {fileID: 107396}
  m_LocalRotation: {x: -0.008812619, y: 0.25805077, z: 0.002353929, w: 0.9660883}
  m_LocalPosition: {x: 0.9471799, y: 0.010118105, z: -0.26373863}
  m_LocalScale: {x: 1, y: 1, z: 1}
  m_Children: []
  m_Father: {fileID: 460020}
  m_RootOrder: 0
--- !u!4 &434502
Transform:
  m_ObjectHideFlags: 1
  m_PrefabParentObject: {fileID: 0}
  m_PrefabInternal: {fileID: 100100000}
  m_GameObject: {fileID: 164010}
  m_LocalRotation: {x: 0.3095331, y: 0.24096252, z: -0.2307639, w: 0.890435}
  m_LocalPosition: {x: -7.105427e-17, y: -2.842171e-16, z: -0.26542786}
  m_LocalScale: {x: 1, y: 1, z: 1}
  m_Children:
  - {fileID: 441612}
  m_Father: {fileID: 442776}
  m_RootOrder: 0
--- !u!4 &434662
Transform:
  m_ObjectHideFlags: 1
  m_PrefabParentObject: {fileID: 0}
  m_PrefabInternal: {fileID: 100100000}
  m_GameObject: {fileID: 101992}
  m_LocalRotation: {x: 0.9527138, y: -0.000000015401932, z: -0.000000008307232, w: -0.30386904}
  m_LocalPosition: {x: 0.09572054, y: 0.16163914, z: -0.2581264}
  m_LocalScale: {x: 1, y: 1, z: 1}
  m_Children: []
  m_Father: {fileID: 403058}
  m_RootOrder: 2
--- !u!4 &435318
Transform:
  m_ObjectHideFlags: 1
  m_PrefabParentObject: {fileID: 0}
  m_PrefabInternal: {fileID: 100100000}
  m_GameObject: {fileID: 174256}
  m_LocalRotation: {x: 0.70667374, y: -0.49691468, z: 0.37713566, w: -0.33385152}
  m_LocalPosition: {x: -0.2404997, y: -0.05984964, z: -0.31885082}
  m_LocalScale: {x: 1, y: 1, z: 1}
  m_Children:
  - {fileID: 408398}
  m_Father: {fileID: 411648}
  m_RootOrder: 0
--- !u!4 &437190
Transform:
  m_ObjectHideFlags: 1
  m_PrefabParentObject: {fileID: 0}
  m_PrefabInternal: {fileID: 100100000}
  m_GameObject: {fileID: 108606}
  m_LocalRotation: {x: -0.007362971, y: 0.989107, z: 0.13480613, w: -0.058655303}
  m_LocalPosition: {x: 0.20073865, y: 0.037015818, z: 0.011857979}
  m_LocalScale: {x: 1, y: 1, z: 1}
  m_Children:
  - {fileID: 425072}
  m_Father: {fileID: 472264}
  m_RootOrder: 1
--- !u!4 &441144
Transform:
  m_ObjectHideFlags: 1
  m_PrefabParentObject: {fileID: 0}
  m_PrefabInternal: {fileID: 100100000}
  m_GameObject: {fileID: 185620}
  m_LocalRotation: {x: 0.29940546, y: -0.066994846, z: 0.004876286, w: 0.9517585}
  m_LocalPosition: {x: -2.1316282e-16, y: 1.4210854e-16, z: -0.23284306}
  m_LocalScale: {x: 1, y: 1, z: 1}
  m_Children:
  - {fileID: 480334}
  m_Father: {fileID: 431964}
  m_RootOrder: 0
--- !u!4 &441594
Transform:
  m_ObjectHideFlags: 1
  m_PrefabParentObject: {fileID: 0}
  m_PrefabInternal: {fileID: 100100000}
  m_GameObject: {fileID: 157328}
  m_LocalRotation: {x: 9.020562e-16, y: -2.7200464e-15, z: -3.1918912e-16, w: 1}
  m_LocalPosition: {x: -0, y: -7.105427e-17, z: -0.056221336}
  m_LocalScale: {x: 1, y: 1, z: 1}
  m_Children: []
  m_Father: {fileID: 456348}
  m_RootOrder: 0
--- !u!4 &441612
Transform:
  m_ObjectHideFlags: 1
  m_PrefabParentObject: {fileID: 0}
  m_PrefabInternal: {fileID: 100100000}
  m_GameObject: {fileID: 117172}
  m_LocalRotation: {x: 0.0009570844, y: 0.2520576, z: -0.00026246445, w: 0.96771175}
  m_LocalPosition: {x: -5.684342e-16, y: 9.947598e-16, z: -0.5197535}
  m_LocalScale: {x: 1, y: 1, z: 1}
  m_Children:
  - {fileID: 477740}
  m_Father: {fileID: 434502}
  m_RootOrder: 0
--- !u!4 &442776
Transform:
  m_ObjectHideFlags: 1
  m_PrefabParentObject: {fileID: 0}
  m_PrefabInternal: {fileID: 100100000}
  m_GameObject: {fileID: 197730}
  m_LocalRotation: {x: -0.5031926, y: 0.69904983, z: 0.34652248, w: -0.371549}
  m_LocalPosition: {x: 0.24049968, y: -0.059849642, z: -0.31885082}
  m_LocalScale: {x: 1, y: 1, z: 1}
  m_Children:
  - {fileID: 434502}
  m_Father: {fileID: 411648}
  m_RootOrder: 2
--- !u!4 &443148
Transform:
  m_ObjectHideFlags: 1
  m_PrefabParentObject: {fileID: 0}
  m_PrefabInternal: {fileID: 100100000}
  m_GameObject: {fileID: 195066}
  m_LocalRotation: {x: -0.0064257313, y: 0.019435493, z: 0.00012491344, w: 0.9997905}
  m_LocalPosition: {x: -0.0078456, y: -0.0025949872, z: -0.20171839}
  m_LocalScale: {x: 1, y: 1, z: 1}
  m_Children: []
  m_Father: {fileID: 458794}
  m_RootOrder: 0
--- !u!4 &445712
Transform:
  m_ObjectHideFlags: 1
  m_PrefabParentObject: {fileID: 0}
  m_PrefabInternal: {fileID: 100100000}
  m_GameObject: {fileID: 181666}
  m_LocalRotation: {x: 0, y: 0, z: 0, w: 1}
  m_LocalPosition: {x: 0, y: 0, z: 14.326}
  m_LocalScale: {x: 6, y: 6, z: 1}
  m_Children: []
  m_Father: {fileID: 402724}
  m_RootOrder: 0
--- !u!4 &445838
Transform:
  m_ObjectHideFlags: 1
  m_PrefabParentObject: {fileID: 0}
  m_PrefabInternal: {fileID: 100100000}
  m_GameObject: {fileID: 140192}
  m_LocalRotation: {x: 0.08765, y: -0.27162525, z: 0.01200668, w: 0.95832825}
  m_LocalPosition: {x: 0.19861563, y: -0.1115673, z: -0.19661239}
  m_LocalScale: {x: 1, y: 1, z: 1}
  m_Children:
  - {fileID: 447904}
  m_Father: {fileID: 477740}
  m_RootOrder: 3
--- !u!4 &447904
Transform:
  m_ObjectHideFlags: 1
  m_PrefabParentObject: {fileID: 0}
  m_PrefabInternal: {fileID: 100100000}
  m_GameObject: {fileID: 168412}
  m_LocalRotation: {x: 0.24412102, y: 0.10178889, z: -0.005291494, w: 0.96437335}
  m_LocalPosition: {x: -9.237055e-16, y: 1.065814e-15, z: -0.11137283}
  m_LocalScale: {x: 1, y: 1, z: 1}
  m_Children:
  - {fileID: 428312}
  m_Father: {fileID: 445838}
  m_RootOrder: 0
--- !u!4 &451560
Transform:
  m_ObjectHideFlags: 1
  m_PrefabParentObject: {fileID: 0}
  m_PrefabInternal: {fileID: 100100000}
  m_GameObject: {fileID: 159046}
  m_LocalRotation: {x: -0.0019011426, y: 0.04773779, z: 0.0000908601, w: 0.9988581}
  m_LocalPosition: {x: 1.1723955e-15, y: -9.237055e-16, z: -0.057587203}
  m_LocalScale: {x: 1, y: 1, z: 1}
  m_Children:
  - {fileID: 452114}
  m_Father: {fileID: 413420}
  m_RootOrder: 0
--- !u!4 &452114
Transform:
  m_ObjectHideFlags: 1
  m_PrefabParentObject: {fileID: 0}
  m_PrefabInternal: {fileID: 100100000}
  m_GameObject: {fileID: 173600}
  m_LocalRotation: {x: 6.730727e-16, y: 1.1657342e-15, z: -1.8041124e-16, w: 1}
  m_LocalPosition: {x: -3.907985e-16, y: 2.1316282e-16, z: -0.053865366}
  m_LocalScale: {x: 1, y: 1, z: 1}
  m_Children: []
  m_Father: {fileID: 451560}
  m_RootOrder: 0
--- !u!4 &455120
Transform:
  m_ObjectHideFlags: 1
  m_PrefabParentObject: {fileID: 0}
  m_PrefabInternal: {fileID: 100100000}
  m_GameObject: {fileID: 139254}
  m_LocalRotation: {x: -0.09918836, y: 0.056830943, z: 0.0056742574, w: 0.9934283}
  m_LocalPosition: {x: 1.4210854e-15, y: 3.5527136e-17, z: -0.09164764}
  m_LocalScale: {x: 1, y: 1, z: 1}
  m_Children:
  - {fileID: 411792}
  m_Father: {fileID: 492390}
  m_RootOrder: 0
--- !u!4 &455488
Transform:
  m_ObjectHideFlags: 1
  m_PrefabParentObject: {fileID: 0}
  m_PrefabInternal: {fileID: 100100000}
  m_GameObject: {fileID: 159132}
  m_LocalRotation: {x: -0.16322395, y: 0.13461836, z: -0.0058910553, w: 0.9773439}
  m_LocalPosition: {x: -9.947598e-16, y: 8.5265126e-16, z: -0.104673475}
  m_LocalScale: {x: 1, y: 1, z: 1}
  m_Children:
  - {fileID: 430310}
  m_Father: {fileID: 433792}
  m_RootOrder: 0
--- !u!4 &456348
Transform:
  m_ObjectHideFlags: 1
  m_PrefabParentObject: {fileID: 0}
  m_PrefabInternal: {fileID: 100100000}
  m_GameObject: {fileID: 179592}
  m_LocalRotation: {x: -0.067230634, y: 0.030454608, z: 0.0020530866, w: 0.99727046}
  m_LocalPosition: {x: -0, y: 1.4210854e-16, z: -0.08609111}
  m_LocalScale: {x: 1, y: 1, z: 1}
  m_Children:
  - {fileID: 441594}
  m_Father: {fileID: 417148}
  m_RootOrder: 0
--- !u!4 &456412
Transform:
  m_ObjectHideFlags: 1
  m_PrefabParentObject: {fileID: 0}
  m_PrefabInternal: {fileID: 100100000}
  m_GameObject: {fileID: 195940}
  m_LocalRotation: {x: 0, y: 0, z: 0, w: 1}
  m_LocalPosition: {x: 0, y: 0, z: 0}
  m_LocalScale: {x: 0.85445863, y: 0.8544586, z: 0.8544586}
  m_Children: []
  m_Father: {fileID: 405492}
  m_RootOrder: 6
--- !u!4 &458382
Transform:
  m_ObjectHideFlags: 1
  m_PrefabParentObject: {fileID: 0}
  m_PrefabInternal: {fileID: 100100000}
  m_GameObject: {fileID: 158296}
  m_LocalRotation: {x: 1.1726731e-15, y: 8.65974e-15, z: -1.110223e-16, w: 1}
  m_LocalPosition: {x: -6.750156e-16, y: 0, z: -0.056221336}
  m_LocalScale: {x: 1, y: 1, z: 1}
  m_Children: []
  m_Father: {fileID: 428312}
  m_RootOrder: 0
--- !u!4 &458794
Transform:
  m_ObjectHideFlags: 1
  m_PrefabParentObject: {fileID: 0}
  m_PrefabInternal: {fileID: 100100000}
  m_GameObject: {fileID: 164726}
  m_LocalRotation: {x: 0.30416605, y: -0.029707897, z: -0.10196542, w: 0.94668025}
  m_LocalPosition: {x: 7.105427e-17, y: -8.881784e-18, z: -0.23284306}
  m_LocalScale: {x: 1, y: 1, z: 1}
  m_Children:
  - {fileID: 443148}
  m_Father: {fileID: 461440}
  m_RootOrder: 0
--- !u!4 &460020
Transform:
  m_ObjectHideFlags: 1
  m_PrefabParentObject: {fileID: 0}
  m_PrefabInternal: {fileID: 100100000}
  m_GameObject: {fileID: 111964}
  m_LocalRotation: {x: 0.46306762, y: -0.5171385, z: 0.6183795, w: -0.36843315}
  m_LocalPosition: {x: -0.46815008, y: -0.017104764, z: -0.21097109}
  m_LocalScale: {x: 1, y: 1, z: 1}
  m_Children:
  - {fileID: 433808}
  - {fileID: 494918}
  m_Father: {fileID: 417276}
  m_RootOrder: 0
--- !u!4 &461440
Transform:
  m_ObjectHideFlags: 1
  m_PrefabParentObject: {fileID: 0}
  m_PrefabInternal: {fileID: 100100000}
  m_GameObject: {fileID: 164276}
  m_LocalRotation: {x: 0.55074984, y: -0.031477075, z: 0.06718035, w: 0.8313667}
  m_LocalPosition: {x: -0.0063276556, y: -0.009734598, z: -0.60950077}
  m_LocalScale: {x: 1, y: 1, z: 1}
  m_Children:
  - {fileID: 458794}
  m_Father: {fileID: 477434}
  m_RootOrder: 0
--- !u!4 &461840
Transform:
  m_ObjectHideFlags: 1
  m_PrefabParentObject: {fileID: 0}
  m_PrefabInternal: {fileID: 100100000}
  m_GameObject: {fileID: 195978}
  m_LocalRotation: {x: 0.0015261146, y: -0.02199313, z: -0.0047916956, w: 0.9997455}
  m_LocalPosition: {x: 3.854694e-15, y: 6.4304116e-15, z: -0.2988857}
  m_LocalScale: {x: 1, y: 1, z: 1}
  m_Children:
  - {fileID: 411648}
  m_Father: {fileID: 472264}
  m_RootOrder: 2
--- !u!4 &463912
Transform:
  m_ObjectHideFlags: 1
  m_PrefabParentObject: {fileID: 0}
  m_PrefabInternal: {fileID: 100100000}
  m_GameObject: {fileID: 195654}
  m_LocalRotation: {x: 0.22230633, y: 0.04439793, z: 0.0018069315, w: 0.9739638}
  m_LocalPosition: {x: 0.0000000025447915, y: -4.0755635e-10, z: -0.46712944}
  m_LocalScale: {x: 1, y: 1, z: 1}
  m_Children:
  - {fileID: 403058}
  m_Father: {fileID: 411648}
  m_RootOrder: 1
--- !u!4 &463984
Transform:
  m_ObjectHideFlags: 1
  m_PrefabParentObject: {fileID: 0}
  m_PrefabInternal: {fileID: 100100000}
  m_GameObject: {fileID: 148046}
  m_LocalRotation: {x: 0.045600306, y: 0.935391, z: 0.13115855, w: -0.32521033}
  m_LocalPosition: {x: -0.8154504, y: -0.017862324, z: 0.7876817}
  m_LocalScale: {x: 1.0000001, y: 1, z: 1}
  m_Children: []
  m_Father: {fileID: 405492}
  m_RootOrder: 3
--- !u!4 &466858
Transform:
  m_ObjectHideFlags: 1
  m_PrefabParentObject: {fileID: 0}
  m_PrefabInternal: {fileID: 100100000}
  m_GameObject: {fileID: 192504}
  m_LocalRotation: {x: -0.008307378, y: 0.24325635, z: 0.0023632736, w: 0.96992356}
  m_LocalPosition: {x: -7.105427e-16, y: 1.4210854e-16, z: -0.5197535}
  m_LocalScale: {x: 1, y: 1, z: 1}
  m_Children:
  - {fileID: 493396}
  m_Father: {fileID: 408398}
  m_RootOrder: 0
--- !u!4 &467122
Transform:
  m_ObjectHideFlags: 1
  m_PrefabParentObject: {fileID: 0}
  m_PrefabInternal: {fileID: 100100000}
  m_GameObject: {fileID: 187300}
  m_LocalRotation: {x: 0.5350769, y: -0.4639559, z: -0.37043235, w: 0.60101384}
  m_LocalPosition: {x: 0.4681039, y: -0.017296726, z: -0.21226192}
  m_LocalScale: {x: 1, y: 1, z: 1}
  m_Children:
  - {fileID: 419264}
  - {fileID: 400890}
  m_Father: {fileID: 417276}
  m_RootOrder: 2
--- !u!4 &467578
Transform:
  m_ObjectHideFlags: 1
  m_PrefabParentObject: {fileID: 0}
  m_PrefabInternal: {fileID: 100100000}
  m_GameObject: {fileID: 160610}
  m_LocalRotation: {x: 0.0037403696, y: -0.24769731, z: 0.016179826, w: 0.96869516}
  m_LocalPosition: {x: 0.12026002, y: 0.17121978, z: -0.22749916}
  m_LocalScale: {x: 1, y: 1, z: 1}
  m_Children:
  - {fileID: 484108}
  m_Father: {fileID: 493396}
  m_RootOrder: 0
--- !u!4 &468502
Transform:
  m_ObjectHideFlags: 1
  m_PrefabParentObject: {fileID: 0}
  m_PrefabInternal: {fileID: 100100000}
  m_GameObject: {fileID: 122866}
  m_LocalRotation: {x: 0.030805467, y: 0.5891403, z: 0.8064332, w: 0.040376004}
  m_LocalPosition: {x: -0.5120008, y: 0.7468373, z: 0.6038061}
  m_LocalScale: {x: 1, y: 1, z: 1}
  m_Children: []
  m_Father: {fileID: 400448}
  m_RootOrder: 1
--- !u!4 &468534
Transform:
  m_ObjectHideFlags: 1
  m_PrefabParentObject: {fileID: 0}
  m_PrefabInternal: {fileID: 100100000}
  m_GameObject: {fileID: 124390}
  m_LocalRotation: {x: -0.10253564, y: 0.15247793, z: 0.015907317, w: 0.98284477}
  m_LocalPosition: {x: 1.1368684e-15, y: 4.2632563e-16, z: -0.106983356}
  m_LocalScale: {x: 1, y: 1, z: 1}
  m_Children:
  - {fileID: 433792}
  m_Father: {fileID: 477740}
  m_RootOrder: 4
--- !u!4 &468612
Transform:
  m_ObjectHideFlags: 1
  m_PrefabParentObject: {fileID: 0}
  m_PrefabInternal: {fileID: 100100000}
  m_GameObject: {fileID: 186094}
  m_LocalRotation: {x: 0.57223076, y: -0.05038819, z: -0.1751155, w: 0.79959214}
  m_LocalPosition: {x: 0.000000011771038, y: 0.46412703, z: -1.1460143}
  m_LocalScale: {x: 1, y: 1, z: 1}
  m_Children: []
  m_Father: {fileID: 496038}
  m_RootOrder: 0
--- !u!4 &468928
Transform:
  m_ObjectHideFlags: 1
  m_PrefabParentObject: {fileID: 0}
  m_PrefabInternal: {fileID: 100100000}
  m_GameObject: {fileID: 185638}
  m_LocalRotation: {x: 0.9683838, y: 0.013782995, z: 0.106357016, w: -0.2252356}
  m_LocalPosition: {x: 0.70974386, y: 0, z: 0.7248448}
  m_LocalScale: {x: 0.99999994, y: 0.99999994, z: 1}
  m_Children: []
  m_Father: {fileID: 405492}
  m_RootOrder: 5
--- !u!4 &470008
Transform:
  m_ObjectHideFlags: 1
  m_PrefabParentObject: {fileID: 0}
  m_PrefabInternal: {fileID: 100100000}
  m_GameObject: {fileID: 142018}
  m_LocalRotation: {x: 0.096268676, y: 0.061647613, z: -0.005974004, w: 0.9934265}
  m_LocalPosition: {x: 2.4513724e-15, y: 2.0605739e-15, z: -0.09164764}
  m_LocalScale: {x: 1, y: 1, z: 1}
  m_Children:
  - {fileID: 430802}
  m_Father: {fileID: 411318}
  m_RootOrder: 0
--- !u!4 &471114
Transform:
  m_ObjectHideFlags: 1
  m_PrefabParentObject: {fileID: 0}
  m_PrefabInternal: {fileID: 100100000}
  m_GameObject: {fileID: 143634}
  m_LocalRotation: {x: 0.00015937189, y: 0.04777536, z: -0.0000076227543, w: 0.9988581}
  m_LocalPosition: {x: -1.3308074e-11, y: 2.1236702e-12, z: -0.057587203}
  m_LocalScale: {x: 1, y: 1, z: 1}
  m_Children:
  - {fileID: 401466}
  m_Father: {fileID: 475202}
  m_RootOrder: 0
--- !u!4 &472264
Transform:
  m_ObjectHideFlags: 1
  m_PrefabParentObject: {fileID: 0}
  m_PrefabInternal: {fileID: 100100000}
  m_GameObject: {fileID: 138062}
  m_LocalRotation: {x: 0.6584089, y: 0.01669008, z: 0.013988197, w: 0.7523453}
  m_LocalPosition: {x: 0.04829409, y: 1.3935821, z: 0.049065452}
  m_LocalScale: {x: 1, y: 1, z: 1}
  m_Children:
  - {fileID: 414568}
  - {fileID: 437190}
  - {fileID: 461840}
  m_Father: {fileID: 405492}
  m_RootOrder: 2
--- !u!4 &473666
Transform:
  m_ObjectHideFlags: 1
  m_PrefabParentObject: {fileID: 0}
  m_PrefabInternal: {fileID: 100100000}
  m_GameObject: {fileID: 166764}
  m_LocalRotation: {x: 0.02670622, y: -7.9471607e-10, z: 2.1231135e-11, w: 0.9996433}
  m_LocalPosition: {x: -0.013171115, y: 0.012589596, z: -0.2966578}
  m_LocalScale: {x: 1, y: 1, z: 1}
  m_Children:
  - {fileID: 417276}
  m_Father: {fileID: 496038}
  m_RootOrder: 1
--- !u!4 &475202
Transform:
  m_ObjectHideFlags: 1
  m_PrefabParentObject: {fileID: 0}
  m_PrefabInternal: {fileID: 100100000}
  m_GameObject: {fileID: 177512}
  m_LocalRotation: {x: -0.3034899, y: 0.3420866, z: 0.08962123, w: 0.8847817}
  m_LocalPosition: {x: 8.5265126e-16, y: -2.1316282e-16, z: -0.07571075}
  m_LocalScale: {x: 1, y: 1, z: 1}
  m_Children:
  - {fileID: 471114}
  m_Father: {fileID: 426314}
  m_RootOrder: 0
--- !u!4 &477434
Transform:
  m_ObjectHideFlags: 1
  m_PrefabParentObject: {fileID: 0}
  m_PrefabInternal: {fileID: 100100000}
  m_GameObject: {fileID: 116646}
  m_LocalRotation: {x: -0.20746909, y: 0.065715596, z: 0.012277936, w: 0.9759546}
  m_LocalPosition: {x: -0.0009110042, y: 0.03658152, z: -0.6156545}
  m_LocalScale: {x: 1, y: 1, z: 1}
  m_Children:
  - {fileID: 461440}
  m_Father: {fileID: 414568}
  m_RootOrder: 0
--- !u!4 &477668
Transform:
  m_ObjectHideFlags: 1
  m_PrefabParentObject: {fileID: 0}
  m_PrefabInternal: {fileID: 100100000}
  m_GameObject: {fileID: 155254}
  m_LocalRotation: {x: 0.123286925, y: 0.9155063, z: 0.38221377, w: 0.02368901}
  m_LocalPosition: {x: 0.0001825237, y: -0.004189585, z: 0.008008245}
  m_LocalScale: {x: 1, y: 1, z: 1}
  m_Children: []
  m_Father: {fileID: 478470}
  m_RootOrder: 0
--- !u!4 &477740
Transform:
  m_ObjectHideFlags: 1
  m_PrefabParentObject: {fileID: 0}
  m_PrefabInternal: {fileID: 100100000}
  m_GameObject: {fileID: 136074}
  m_LocalRotation: {x: 0.38253945, y: 0.13616267, z: 0.04590792, w: 0.91269696}
  m_LocalPosition: {x: -7.638334e-16, y: 1.7053025e-15, z: -0.82982934}
  m_LocalScale: {x: 1, y: 1, z: 1}
  m_Children:
  - {fileID: 409166}
  - {fileID: 420434}
  - {fileID: 411318}
  - {fileID: 445838}
  - {fileID: 468534}
  m_Father: {fileID: 441612}
  m_RootOrder: 0
--- !u!4 &478470
Transform:
  m_ObjectHideFlags: 1
  m_PrefabParentObject: {fileID: 0}
  m_PrefabInternal: {fileID: 100100000}
  m_GameObject: {fileID: 181208}
  m_LocalRotation: {x: 0, y: 0, z: 0, w: 1}
  m_LocalPosition: {x: -0.39769778, y: 0.23649018, z: -0.10254141}
  m_LocalScale: {x: 1, y: 1, z: 1}
  m_Children:
  - {fileID: 477668}
  m_Father: {fileID: 400448}
  m_RootOrder: 0
--- !u!4 &478548
Transform:
  m_ObjectHideFlags: 1
  m_PrefabParentObject: {fileID: 0}
  m_PrefabInternal: {fileID: 100100000}
  m_GameObject: {fileID: 170778}
  m_LocalRotation: {x: 0.055339277, y: -0.2809225, z: -0.012740805, w: 0.95804894}
  m_LocalPosition: {x: 0.1921764, y: 0.122326046, z: -0.19661239}
  m_LocalScale: {x: 1, y: 1, z: 1}
  m_Children:
  - {fileID: 417148}
  m_Father: {fileID: 493396}
  m_RootOrder: 3
--- !u!4 &478736
Transform:
  m_ObjectHideFlags: 1
  m_PrefabParentObject: {fileID: 0}
  m_PrefabInternal: {fileID: 100100000}
  m_GameObject: {fileID: 152172}
  m_LocalRotation: {x: 0.1581977, y: 0.06873502, z: -0.016381621, w: 0.9848759}
  m_LocalPosition: {x: 2.842171e-16, y: 1.3500312e-15, z: -0.118029475}
  m_LocalScale: {x: 1, y: 1, z: 1}
  m_Children:
  - {fileID: 491148}
  m_Father: {fileID: 409166}
  m_RootOrder: 0
--- !u!4 &480334
Transform:
  m_ObjectHideFlags: 1
  m_PrefabParentObject: {fileID: 0}
  m_PrefabInternal: {fileID: 100100000}
  m_GameObject: {fileID: 157756}
  m_LocalRotation: {x: -0.011485052, y: -0.016944673, z: -0.0015446547, w: 0.9997893}
  m_LocalPosition: {x: 0.006833233, y: -0.00464697, z: -0.20171839}
  m_LocalScale: {x: 1, y: 1, z: 1}
  m_Children: []
  m_Father: {fileID: 441144}
  m_RootOrder: 0
--- !u!4 &480578
Transform:
  m_ObjectHideFlags: 1
  m_PrefabParentObject: {fileID: 0}
  m_PrefabInternal: {fileID: 100100000}
  m_GameObject: {fileID: 104294}
  m_LocalRotation: {x: 0.26080143, y: -0.000000010101645, z: 0.0000000027289664, w: 0.9653925}
  m_LocalPosition: {x: 0.0011117236, y: 0.16806427, z: -0.49072742}
  m_LocalScale: {x: 1, y: 1, z: 1}
  m_Children: []
  m_Father: {fileID: 417276}
  m_RootOrder: 1
--- !u!4 &484108
Transform:
  m_ObjectHideFlags: 1
  m_PrefabParentObject: {fileID: 0}
  m_PrefabInternal: {fileID: 100100000}
  m_GameObject: {fileID: 165544}
  m_LocalRotation: {x: -0.26547414, y: 0.10405013, z: 0.010523138, w: 0.9584291}
  m_LocalPosition: {x: 4.2632563e-16, y: 6.750156e-16, z: -0.118029475}
  m_LocalScale: {x: 1, y: 1, z: 1}
  m_Children:
  - {fileID: 432740}
  m_Father: {fileID: 467578}
  m_RootOrder: 0
--- !u!4 &486624
Transform:
  m_ObjectHideFlags: 1
  m_PrefabParentObject: {fileID: 0}
  m_PrefabInternal: {fileID: 100100000}
  m_GameObject: {fileID: 176680}
  m_LocalRotation: {x: 2.2065683e-15, y: 2.7200464e-15, z: 5.551115e-17, w: 1}
  m_LocalPosition: {x: -7.105427e-16, y: 4.2632563e-16, z: -0.076905295}
  m_LocalScale: {x: 1, y: 1, z: 1}
  m_Children: []
  m_Father: {fileID: 406196}
  m_RootOrder: 0
--- !u!4 &487174
Transform:
  m_ObjectHideFlags: 1
  m_PrefabParentObject: {fileID: 0}
  m_PrefabInternal: {fileID: 100100000}
  m_GameObject: {fileID: 162744}
  m_LocalRotation: {x: 0.02659814, y: -0.19380271, z: 0.0052564205, w: 0.9806658}
  m_LocalPosition: {x: -1.4210854e-16, y: -2.1316282e-16, z: -0.1522184}
  m_LocalScale: {x: 1, y: 1, z: 1}
  m_Children:
  - {fileID: 406196}
  m_Father: {fileID: 405112}
  m_RootOrder: 0
--- !u!4 &490082
Transform:
  m_ObjectHideFlags: 1
  m_PrefabParentObject: {fileID: 0}
  m_PrefabInternal: {fileID: 100100000}
  m_GameObject: {fileID: 199996}
  m_LocalRotation: {x: -2.1371793e-15, y: 8.4654506e-15, z: -1.6653345e-16, w: 1}
  m_LocalPosition: {x: -1.7053025e-15, y: 3.5527136e-17, z: -0.070266694}
  m_LocalScale: {x: 1, y: 1, z: 1}
  m_Children: []
  m_Father: {fileID: 430802}
  m_RootOrder: 0
--- !u!4 &491148
Transform:
  m_ObjectHideFlags: 1
  m_PrefabParentObject: {fileID: 0}
  m_PrefabInternal: {fileID: 100100000}
  m_GameObject: {fileID: 114080}
  m_LocalRotation: {x: 0.024732921, y: 0.02728126, z: -0.00067520334, w: 0.9993216}
  m_LocalPosition: {x: -6.217249e-16, y: -4.6185276e-16, z: -0.086035386}
  m_LocalScale: {x: 1, y: 1, z: 1}
  m_Children:
  - {fileID: 421426}
  m_Father: {fileID: 478736}
  m_RootOrder: 0
--- !u!4 &492390
Transform:
  m_ObjectHideFlags: 1
  m_PrefabParentObject: {fileID: 0}
  m_PrefabInternal: {fileID: 100100000}
  m_GameObject: {fileID: 138018}
  m_LocalRotation: {x: 0.022669837, y: -0.23387977, z: 0.03675186, w: 0.97130615}
  m_LocalPosition: {x: 0.03978951, y: 0.1711906, z: -0.28002357}
  m_LocalScale: {x: 1, y: 1, z: 1}
  m_Children:
  - {fileID: 455120}
  m_Father: {fileID: 493396}
  m_RootOrder: 2
--- !u!4 &493396
Transform:
  m_ObjectHideFlags: 1
  m_PrefabParentObject: {fileID: 0}
  m_PrefabInternal: {fileID: 100100000}
  m_GameObject: {fileID: 155956}
  m_LocalRotation: {x: -0.4821607, y: 0.08967187, z: 0.020848302, w: 0.8712321}
  m_LocalPosition: {x: -8.7947424e-14, y: -2.8421708e-15, z: -0.82982934}
  m_LocalScale: {x: 1, y: 1, z: 1}
  m_Children:
  - {fileID: 467578}
  - {fileID: 426314}
  - {fileID: 492390}
  - {fileID: 478548}
  - {fileID: 405112}
  m_Father: {fileID: 466858}
  m_RootOrder: 0
--- !u!4 &494918
Transform:
  m_ObjectHideFlags: 1
  m_PrefabParentObject: {fileID: 0}
  m_PrefabInternal: {fileID: 100100000}
  m_GameObject: {fileID: 138864}
  m_LocalRotation: {x: 0.888398, y: -0.24397269, z: -0.057982486, w: -0.38453138}
  m_LocalPosition: {x: -0.14587335, y: -1.2449406, z: -0.38730043}
  m_LocalScale: {x: 1, y: 1, z: 1}
  m_Children: []
  m_Father: {fileID: 460020}
  m_RootOrder: 1
--- !u!4 &496038
Transform:
  m_ObjectHideFlags: 1
  m_PrefabParentObject: {fileID: 0}
  m_PrefabInternal: {fileID: 100100000}
  m_GameObject: {fileID: 132046}
  m_LocalRotation: {x: 0.64255136, y: -0, z: 0, w: 0.7662426}
  m_LocalPosition: {x: 0.04829409, y: 1.3935821, z: 0.049065452}
  m_LocalScale: {x: 1, y: 1, z: 1}
  m_Children:
  - {fileID: 468612}
  - {fileID: 473666}
  m_Father: {fileID: 405492}
  m_RootOrder: 1
--- !u!4 &497766
Transform:
  m_ObjectHideFlags: 1
  m_PrefabParentObject: {fileID: 0}
  m_PrefabInternal: {fileID: 100100000}
  m_GameObject: {fileID: 116842}
  m_LocalRotation: {x: 0.07136615, y: 0.9210094, z: 0.3687558, w: -0.10328459}
  m_LocalPosition: {x: -0.0001825237, y: -0.006542701, z: 0.0034085412}
  m_LocalScale: {x: 1, y: 1, z: 1}
  m_Children: []
  m_Father: {fileID: 407088}
  m_RootOrder: 0
--- !u!65 &6509484
BoxCollider:
  m_ObjectHideFlags: 1
  m_PrefabParentObject: {fileID: 0}
  m_PrefabInternal: {fileID: 100100000}
  m_GameObject: {fileID: 187752}
  m_Material: {fileID: 0}
  m_IsTrigger: 0
  m_Enabled: 1
  serializedVersion: 2
  m_Size: {x: 1.73, y: 3, z: 1}
  m_Center: {x: 0, y: 1.52, z: 0}
--- !u!95 &9532796
Animator:
  serializedVersion: 3
  m_ObjectHideFlags: 1
  m_PrefabParentObject: {fileID: 0}
  m_PrefabInternal: {fileID: 100100000}
  m_GameObject: {fileID: 187752}
  m_Enabled: 1
  m_Avatar: {fileID: 9000000, guid: dfa9dd007e9fedc4b869bfd63bb3b284, type: 3}
  m_Controller: {fileID: 9100000, guid: eef981791cf90a54c8e374cd409287fc, type: 2}
  m_CullingMode: 1
  m_UpdateMode: 0
  m_ApplyRootMotion: 0
  m_LinearVelocityBlending: 0
  m_WarningMessage: 
  m_HasTransformHierarchy: 1
  m_AllowConstantClipSamplingOptimization: 1
--- !u!114 &11421178
MonoBehaviour:
  m_ObjectHideFlags: 1
  m_PrefabParentObject: {fileID: 0}
  m_PrefabInternal: {fileID: 100100000}
  m_GameObject: {fileID: 187752}
  m_Enabled: 1
  m_EditorHideFlags: 0
  m_Script: {fileID: -1768714887, guid: 870353891bb340e2b2a9c8707e7419ba, type: 3}
  m_Name: 
  m_EditorClassIdentifier: 
  m_TransformSyncMode: 1
  m_SendInterval: 0
  m_SyncRotationAxis: 2
  m_RotationSyncCompression: 0
  m_SyncSpin: 0
  m_MovementTheshold: 0.001
  m_SnapThreshold: 5
  m_InterpolateRotation: 1
  m_InterpolateMovement: 1
--- !u!114 &11424884
MonoBehaviour:
  m_ObjectHideFlags: 1
  m_PrefabParentObject: {fileID: 0}
  m_PrefabInternal: {fileID: 100100000}
  m_GameObject: {fileID: 187752}
  m_Enabled: 1
  m_EditorHideFlags: 0
  m_Script: {fileID: 11500000, guid: d463dea8e96d14e4b862e1536f321302, type: 3}
  m_Name: 
  m_EditorClassIdentifier: 
  targets:
  - {fileID: 0}
  - {fileID: 0}
  selectedTarget: {fileID: 0}
  enemyMovement: {fileID: 0}
  go: []
  playerPosition: {x: 0, y: 0, z: 0}
--- !u!114 &11432034
MonoBehaviour:
  m_ObjectHideFlags: 1
  m_PrefabParentObject: {fileID: 0}
  m_PrefabInternal: {fileID: 100100000}
  m_GameObject: {fileID: 195940}
  m_Enabled: 1
  m_EditorHideFlags: 0
  m_Script: {fileID: 11500000, guid: c0a239a4e7a6a6b4a809df00e2e3766a, type: 3}
  m_Name: 
  m_EditorClassIdentifier: 
--- !u!114 &11443634
MonoBehaviour:
  m_ObjectHideFlags: 1
  m_PrefabParentObject: {fileID: 0}
  m_PrefabInternal: {fileID: 100100000}
  m_GameObject: {fileID: 187752}
  m_Enabled: 1
  m_EditorHideFlags: 0
  m_Script: {fileID: 11500000, guid: 121c00b95c5273e44a7f84016797b701, type: 3}
  m_Name: 
  m_EditorClassIdentifier: 
  waypoints:
  - {fileID: 414456, guid: 1085053115fa19c4d9b2325d7cee6b47, type: 2}
  - {fileID: 406548, guid: b465c7b9813860248b9ab97575139c23, type: 2}
  - {fileID: 417436, guid: a176a217bc8f92d40b90ce12ad6b5a8e, type: 2}
  - {fileID: 439390, guid: f8056ba24160ddb43a5d61c369cf4de1, type: 2}
  - {fileID: 418782, guid: 1416831272eec8546b6fb1fca828036b, type: 2}
  - {fileID: 485976, guid: 022d88f93bfd0084787cb03b52b0f724, type: 2}
  - {fileID: 436064, guid: ad62cafd74b06c142bb7424a3cce35c1, type: 2}
  - {fileID: 440590, guid: b69ac0ce574e69547b85b744334cc76c, type: 2}
  - {fileID: 476920, guid: 21597eca7f39fd64c997c11418aa375d, type: 2}
  - {fileID: 459938, guid: 40108bd23fc6a0846836480a844df270, type: 2}
  - {fileID: 473948, guid: 558cb07336d7677428bcedff6234ee95, type: 2}
  - {fileID: 429708, guid: ef8ace3741fea324596149920fdf7983, type: 2}
  - {fileID: 407646, guid: b23d4595c6707724c95be7dcadc0381c, type: 2}
  - {fileID: 423254, guid: 48464c6e5d243ec48bc201cdaadda67a, type: 2}
  minWaypointDistance: 0.1
  canSeePlayer: 0
  isDead: 0
--- !u!114 &11447602
MonoBehaviour:
  m_ObjectHideFlags: 1
  m_PrefabParentObject: {fileID: 0}
  m_PrefabInternal: {fileID: 100100000}
  m_GameObject: {fileID: 187752}
  m_Enabled: 1
  m_EditorHideFlags: 0
  m_Script: {fileID: 11500000, guid: 1ebe5ca6563c40348988e2570acca268, type: 3}
  m_Name: 
  m_EditorClassIdentifier: 
--- !u!114 &11450672
MonoBehaviour:
  m_ObjectHideFlags: 1
  m_PrefabParentObject: {fileID: 0}
  m_PrefabInternal: {fileID: 100100000}
  m_GameObject: {fileID: 187752}
  m_Enabled: 1
  m_EditorHideFlags: 0
  m_Script: {fileID: 11500000, guid: a5cb8be9c2f6d184ab66fe8fd6b58fd9, type: 3}
  m_Name: 
  m_EditorClassIdentifier: 
  timeBetweenAttacks: 0.5
  attackDamage: 10
--- !u!114 &11483978
MonoBehaviour:
  m_ObjectHideFlags: 1
  m_PrefabParentObject: {fileID: 0}
  m_PrefabInternal: {fileID: 100100000}
  m_GameObject: {fileID: 187752}
  m_Enabled: 1
  m_EditorHideFlags: 0
  m_Script: {fileID: 11500000, guid: ce9b85607768ef84fbfb3541c091c842, type: 3}
  m_Name: 
  m_EditorClassIdentifier: 
  enemyID: 
--- !u!114 &11488388
MonoBehaviour:
  m_ObjectHideFlags: 1
  m_PrefabParentObject: {fileID: 0}
  m_PrefabInternal: {fileID: 100100000}
  m_GameObject: {fileID: 187752}
  m_Enabled: 1
  m_EditorHideFlags: 0
  m_Script: {fileID: 11500000, guid: 0b2a74489c4e1a94a90d939dc9942c0a, type: 3}
  m_Name: 
  m_EditorClassIdentifier: 
  enemySpawnScript: {fileID: 0}
  crowdApproval: {fileID: 0}
  meleeEnemyMovement: {fileID: 0}
  enemyHealth: 100
  hitValue: 25
  killValue: 100
  isDead: 0
--- !u!114 &11493732
MonoBehaviour:
  m_ObjectHideFlags: 1
  m_PrefabParentObject: {fileID: 0}
  m_PrefabInternal: {fileID: 100100000}
  m_GameObject: {fileID: 187752}
  m_Enabled: 1
  m_EditorHideFlags: 0
  m_Script: {fileID: 372142912, guid: 870353891bb340e2b2a9c8707e7419ba, type: 3}
  m_Name: 
  m_EditorClassIdentifier: 
  m_SceneId:
    m_Value: 0
  m_AssetId:
    i0: 62
    i1: 131
    i2: 228
    i3: 4
    i4: 248
    i5: 41
    i6: 100
    i7: 84
    i8: 106
    i9: 126
    i10: 41
    i11: 170
    i12: 101
    i13: 128
    i14: 8
    i15: 49
  m_ServerOnly: 0
  m_LocalPlayerAuthority: 0
--- !u!135 &13538826
SphereCollider:
  m_ObjectHideFlags: 1
  m_PrefabParentObject: {fileID: 0}
  m_PrefabInternal: {fileID: 100100000}
  m_GameObject: {fileID: 187752}
  m_Material: {fileID: 0}
  m_IsTrigger: 1
  m_Enabled: 1
  serializedVersion: 2
  m_Radius: 1.52
  m_Center: {x: 0, y: 1.5, z: 0}
--- !u!135 &13554156
SphereCollider:
  m_ObjectHideFlags: 1
  m_PrefabParentObject: {fileID: 0}
  m_PrefabInternal: {fileID: 100100000}
  m_GameObject: {fileID: 195940}
  m_Material: {fileID: 0}
  m_IsTrigger: 1
  m_Enabled: 1
  serializedVersion: 2
  m_Radius: 20
  m_Center: {x: 0, y: 0, z: 0}
--- !u!137 &13704826
SkinnedMeshRenderer:
  m_ObjectHideFlags: 1
  m_PrefabParentObject: {fileID: 0}
  m_PrefabInternal: {fileID: 100100000}
  m_GameObject: {fileID: 168270}
  m_Enabled: 1
  m_CastShadows: 1
  m_ReceiveShadows: 1
  m_Materials:
  - {fileID: 2100000, guid: 018ae001684c7a048b29b33d0c89a449, type: 2}
  m_SubsetIndices: 
  m_StaticBatchRoot: {fileID: 0}
  m_UseLightProbes: 1
  m_ReflectionProbeUsage: 1
  m_ProbeAnchor: {fileID: 0}
  m_ScaleInLightmap: 1
  m_PreserveUVs: 0
  m_IgnoreNormalsForChartDetection: 0
  m_ImportantGI: 0
  m_MinimumChartSize: 4
  m_AutoUVMaxDistance: 0.5
  m_AutoUVMaxAngle: 89
  m_LightmapParameters: {fileID: 0}
  m_SortingLayerID: 0
  m_SortingOrder: 0
  serializedVersion: 2
  m_Quality: 0
  m_UpdateWhenOffscreen: 0
  m_Mesh: {fileID: 4300000, guid: dfa9dd007e9fedc4b869bfd63bb3b284, type: 3}
  m_Bones:
  - {fileID: 472264}
  - {fileID: 414568}
  - {fileID: 477434}
  - {fileID: 461440}
  - {fileID: 458794}
  - {fileID: 443148}
  - {fileID: 437190}
  - {fileID: 425072}
  - {fileID: 431964}
  - {fileID: 441144}
  - {fileID: 480334}
  - {fileID: 461840}
  - {fileID: 411648}
  - {fileID: 435318}
  - {fileID: 408398}
  - {fileID: 466858}
  - {fileID: 493396}
  - {fileID: 405112}
  - {fileID: 487174}
  - {fileID: 406196}
  - {fileID: 486624}
  - {fileID: 426314}
  - {fileID: 475202}
  - {fileID: 471114}
  - {fileID: 401466}
  - {fileID: 478548}
  - {fileID: 417148}
  - {fileID: 456348}
  - {fileID: 441594}
  - {fileID: 467578}
  - {fileID: 484108}
  - {fileID: 432740}
  - {fileID: 416738}
  - {fileID: 492390}
  - {fileID: 455120}
  - {fileID: 411792}
  - {fileID: 424130}
  - {fileID: 442776}
  - {fileID: 434502}
  - {fileID: 441612}
  - {fileID: 477740}
  - {fileID: 468534}
  - {fileID: 433792}
  - {fileID: 455488}
  - {fileID: 430310}
  - {fileID: 420434}
  - {fileID: 413420}
  - {fileID: 451560}
  - {fileID: 452114}
  - {fileID: 445838}
  - {fileID: 447904}
  - {fileID: 428312}
  - {fileID: 458382}
  - {fileID: 409166}
  - {fileID: 478736}
  - {fileID: 491148}
  - {fileID: 421426}
  - {fileID: 411318}
  - {fileID: 470008}
  - {fileID: 430802}
  - {fileID: 490082}
  - {fileID: 463912}
  - {fileID: 403058}
  - {fileID: 411268}
  - {fileID: 434662}
  - {fileID: 421002}
  - {fileID: 425900}
  - {fileID: 428214}
  m_BlendShapeWeights: []
  m_RootBone: {fileID: 472264}
  m_AABB:
    m_Center: {x: -0.042791307, y: 0.08190763, z: -0.0026546717}
    m_Extent: {x: 1.2688541, y: 1.0412046, z: 1.7388273}
  m_DirtyAABB: 0
--- !u!195 &19502690
NavMeshAgent:
  m_ObjectHideFlags: 1
  m_PrefabParentObject: {fileID: 0}
  m_PrefabInternal: {fileID: 100100000}
  m_GameObject: {fileID: 187752}
  m_Enabled: 1
  m_Radius: 1
  m_Speed: 8
  m_Acceleration: 5
  avoidancePriority: 50
  m_AngularSpeed: 140
  m_StoppingDistance: 2.5
  m_AutoTraverseOffMeshLink: 1
  m_AutoBraking: 1
  m_AutoRepath: 1
  m_Height: 2.85
  m_BaseOffset: -0.04
  m_WalkableMask: 4294967295
  m_ObstacleAvoidanceType: 4
--- !u!212 &21246218
SpriteRenderer:
  m_ObjectHideFlags: 1
  m_PrefabParentObject: {fileID: 0}
  m_PrefabInternal: {fileID: 100100000}
  m_GameObject: {fileID: 181666}
  m_Enabled: 1
  m_CastShadows: 0
  m_ReceiveShadows: 0
  m_Materials:
  - {fileID: 10754, guid: 0000000000000000e000000000000000, type: 0}
  m_SubsetIndices: 
  m_StaticBatchRoot: {fileID: 0}
  m_UseLightProbes: 0
  m_ReflectionProbeUsage: 0
  m_ProbeAnchor: {fileID: 0}
  m_ScaleInLightmap: 1
  m_PreserveUVs: 0
  m_IgnoreNormalsForChartDetection: 0
  m_ImportantGI: 0
  m_MinimumChartSize: 4
  m_AutoUVMaxDistance: 0.5
  m_AutoUVMaxAngle: 89
  m_LightmapParameters: {fileID: 0}
  m_SortingLayerID: 0
  m_SortingOrder: 0
  m_Sprite: {fileID: 21300000, guid: 5b35df8df17c2ab40897d9f561d6f389, type: 3}
  m_Color: {r: 1, g: 1, b: 1, a: 1}
  m_FlipX: 0
  m_FlipY: 0
--- !u!1001 &100100000
Prefab:
  m_ObjectHideFlags: 1
  serializedVersion: 2
  m_Modification:
    m_TransformParent: {fileID: 0}
    m_Modifications:
    - target: {fileID: 0}
      propertyPath: m_Speed
      value: 8
      objectReference: {fileID: 0}
    m_RemovedComponents: []
  m_ParentPrefab: {fileID: 0}
  m_RootGameObject: {fileID: 187752}
  m_IsPrefabParent: 1
